2392 3958
312 251 328 287 1
350 251 412 301 14
1178 251 1356 290 No'rEs
1394 252 1438 289 11

305 363 546 427 principle
568 380 651 412 are
675 380 694 411 I
723 365 817 412 152
856 364 997 424 Quod
1027 365 1185 412 multa
1218 366 1275 413 in
1309 365 1448 412 terris
1465 363 1588 426 fieri
1621 363 1841 426 caeloque
1873 372 2071 412 tuentur
2095 363 2311 422 Quorum

303 456 501 501 operum
524 457 698 488 causas
730 442 873 489 nulla
899 442 1086 489 ratione
1113 442 1271 489 videre
1303 442 1540 502 Possunt3
1580 441 1676 488 695
1712 440 1849 488 Unde
1876 441 1953 488 hic
1991 442 2210 503 coqnitus
2246 448 2311 488 est

302 517 401 579 ipsi
423 535 563 580 quem
584 520 807 567 nominat
829 520 989 581 iynem
1000 537 1014 580 3
1040 534 1104 566 111
1132 520 1227 567 133
1252 526 1292 566 et
1315 519 1372 565 in
1393 519 1537 565 illam
1557 518 1945 579 Transtulerunt‚
1965 519 2168 581 proprio
2192 535 2312 580 quae

305 603 410 643 tum
431 613 506 644 res
527 598 724 645 nomine
749 598 928 659 eqebat3
973 612 1028 645 VI
1064 598 1159 645 313
1199 613 1255 644 ex
1282 597 1373 643 illa
1396 613 1519 658 quae
1543 604 1648 643 tum
1670 613 1745 643 res
1776 597 1951 659 excipit
1977 597 2151 644 ictum:
2187 596 2312 642 with

303 677 445 724 these
473 694 626 740 comp.
657 678 781 725 Hor.
810 683 896 725 sat.
925 692 945 724 1
971 677 1000 723 4
1027 678 1055 724 2
1092 678 1251 739 Atque
1274 677 1366 723 alii
1400 693 1608 738 quorum
1631 677 1874 724 comoedia
1900 677 2073 739 prisca
2094 677 2314 723 virorum

305 765 371 804 est
383 774 397 817 3
441 758 502 805 10
532 758 592 805 16
629 757 666 805 I
664 759 734 818 lli,
761 760 942 821 scripta
977 759 1152 821 quibus
1187 759 1429 806 comoedia
1455 759 1625 820 prisca
1655 759 1778 806 viris
1812 766 1902 806 est:
1944 758 2088 820 again
2124 771 2179 804 IV
2214 757 2312 804 560

301 851 453 897 neque
475 835 615 883 illam
637 835 960 883 Internoscere
984 836 1235 883 verborum
1257 836 1494 882 sententia
1517 852 1639 896 quae
1662 835 1724 882 sit
1735 854 1748 896 3
1792 849 1834 881 II
1861 835 1989 882 1143
2015 833 2134 881 Iure
2157 833 2312 894 i9itur

295 921 514 975 pereunt,
542 930 653 961 cum
687 913 930 974 rarefacta
953 913 1162 975 fluendo
1187 912 1316 961 Sunt
1352 921 1394 960 et
1426 930 1538 960 cum
1570 914 1775 960 eoeternis
1805 912 2119 960 succumbunt
2147 911 2313 957 omnia

296 990 696 1052 ptayiszomnia
720 996 929 1054 pereunt
953 1008 1064 1038 cum
1090 996 1179 1038 etc.
1255 1006 1318 1038 111
1345 992 1440 1039 836
1465 990 1532 1038 In
1561 991 1802 1053 dubioque
1824 991 1971 1052 fuere
2001 998 2226 1037 utrorum
2248 989 2317 1036 ad

302 1084 454 1129 reyna
488 1069 759 1116 cadendum
795 1067 1029 1116 Omnibus
1057 1068 1288 1116 humanis
1329 1075 1442 1115 esset
1456 1091 1494 1108 =
1510 1067 1575 1114 In
1600 1069 1644 1114 d.
1674 1068 1810 1115 fuere
1845 1067 2051 1114 humani
2086 1071 2314 1113 utrorum

304 1151 395 1192 etc.
464 1160 498 1192 v
524 1145 622 1192 853
645 1145 815 1192 habere
848 1150 937 1192 cet.
957 1145 1191 1192 :habere
1213 1150 1482 1208 utrumque
1517 1145 1701 1192 Mutua
1731 1145 1819 1208 qui
1849 1149 1939 1192 cet.
2012 1158 2068 1191 VI
2093 1143 2190 1190 266
2214 1143 2314 1190 Nec

304 1229 439 1269 tanto
479 1230 668 1284 possent
714 1223 951 1270 venientes
996 1223 1264 1285 opprimere
1310 1222 1592 1271 imbri...Si
1637 1239 1738 1270 non
1783 1222 2009 1270 extructis
2040 1221 2176 1283 foret
2220 1221 2314 1267 alte

302 1300 515 1348 nubibus
539 1301 722 1349 aether:
761 1302 791 1348 i.
815 1318 853 1348 e.
880 1302 1136 1349 venientes
1159 1299 1353 1367 [nubes]
1383 1307 1490 1349 cet.:
1536 1302 1633 1348 503
1660 1300 1955 1363 Concipiunt
1984 1298 2034 1366 [i.
2054 1316 2091 1347 e.
2119 1296 2310 1364 nubila]

310 1376 499 1426 ...Cum
533 1395 711 1440 supera
741 1395 978 1439 maynum
1011 1396 1146 1426 mare
1177 1379 1308 1426 venti
1331 1379 1506 1426 nubila
1537 1386 1754 1441 portant.
1828 1393 1891 1425 111
1929 1379 2024 1425 620
2056 1378 2129 1424 ita
2151 1377 2315 1424 multi-

302 1455 458 1502 modis
473 1455 677 1517 partitis
701 1455 906 1503 artubus
930 1472 1036 1515 esse,
1056 1455 1115 1501 M
1116 1456 1388 1503 embrorum
1414 1464 1469 1504 ut
1491 1473 1766 1518 numquam
1789 1456 1960 1503 existat
1975 1462 2315 1518 praeposterus

303 1534 420 1580 ordo
444 1534 546 1581 also
574 1533 602 1580 I
624 1533 824 1580 think:
843 1550 944 1581 esse
968 1535 1202 1593 membra,
1230 1539 1289 1582 ut
1317 1540 1406 1582 etc.
1480 1549 1522 1583 11
1548 1535 1607 1582 91
1635 1552 1787 1597 neque
1809 1534 1978 1582 habere
2005 1534 2091 1581 ubi
2114 1550 2315 1596 corpora

295 1615 468 1677 prima
491 1613 769 1663 Consistant
784 1638 822 1655 =
837 1615 1016 1662 habere
1035 1632 1236 1678 corpora
1258 1616 1366 1663 ubi:
1394 1617 1531 1678 quite
1555 1616 1743 1663 similar
1764 1617 1805 1662 is
1831 1616 1921 1663 Ov.
1939 1616 2066 1662 trist.
2090 1629 2154 1661 111
2174 1616 2202 1662 5
2230 1615 2310 1674 53,

304 1693 596 1755 causelessly
620 1693 874 1756 tampered
897 1694 1023 1740 with
1056 1694 1122 1756 by
1152 1695 1345 1752 editors,
1382 1693 1497 1756 Spes
1534 1694 1689 1755 iyitur
1722 1701 1933 1756 superest
1959 1692 2224 1754 facturum
2259 1700 2315 1739 ut

302 1771 492 1818 molliat
515 1771 888 1833 ipse...p0enam
903 1795 939 1811 z
954 1771 1202 1818 facturum
1228 1772 1388 1835 ipsum
1414 1777 1473 1818 ut
1495 1772 1698 1819 molliat.
1773 1785 1828 1818 IV
1846 1769 1940 1818 387
1964 1770 2073 1828 Qua
2095 1769 2315 1817 vehimur

301 1848 421 1895 navi
440 1847 613 1909 fizrtur
634 1848 675 1894 is
698 1864 834 1896 more
864 1849 1007 1895 usual
1038 1850 1135 1896 and
1170 1849 1272 1896 like
1303 1850 1410 1896 Liv.
1439 1864 1458 1896 1
1487 1849 1509 1895 1
1542 1850 1570 1896 3
1595 1849 1639 1896 ei
1663 1849 1719 1895 in
1742 1865 1881 1910 quem
1897 1847 2119 1909 primum
2143 1847 2314 1907 eqressi

301 1933 417 1972 sunt
441 1926 610 1985 locum,
641 1925 791 1972 Troia
814 1934 1036 1973 vocatur:
1074 1943 1103 1974 a
1126 1932 1302 1974 constr.
1330 1932 1420 1973 not
1444 1943 1739 1973 uncommon
1764 1926 1815 1972 in
1842 1925 1927 1972 the
1951 1925 2058 1972 best
2076 1924 2310 1972 authors:

304 2019 456 2066 comp.
485 2003 586 2050 also
613 2017 667 2050 IV
693 2003 788 2052 397
814 2003 1161 2066 Exstantisque
1177 2004 1352 2066 procul
1376 2009 1465 2051 cet.
1494 2003 1591 2050 and
1615 2020 1660 2049 n.
1689 2003 1842 2050 there.

408 2081 469 2128 1¹7
506 2079 728 2142 Denique
753 2085 841 2127 not
864 2081 918 2126 in
941 2081 1027 2128 the
1052 2098 1189 2128 sense
1212 2082 1256 2128 it
1277 2082 1473 2144 usually
1496 2081 1634 2128 bears
1657 2082 1711 2127 in
1741 2081 1885 2127 Lucr.
1913 2095 1966 2126 as
1989 2095 2019 2126 a
2042 2095 2314 2142 synonyme

303 2157 360 2204 of
384 2165 647 2220 praeterea,
680 2173 830 2219 porro
870 2157 1052 2243 ‘aQain’
1095 2163 1239 2207 ‘once
1271 2158 1433 2218 more’,
1471 2158 1790 2221 introducing
1820 2174 1850 2204 a
1882 2173 1993 2205 new
2027 2160 2314 2219 argument:

302 2236 419 2283 here
442 2235 485 2282 it
506 2235 667 2298 places
691 2235 777 2282 the
799 2238 1027 2284 sentence
1047 2237 1100 2283 in
1124 2237 1401 2300 apposition
1419 2236 1541 2283 with
1560 2235 1695 2282 what
1718 2236 1955 2298 precedes,
1977 2235 2226 2297 summing
2249 2251 2315 2298 up

302 2313 402 2359 and
425 2313 622 2374 serving
645 2328 696 2358 as
722 2328 751 2358 a
775 2313 957 2360 climax
979 2318 1032 2360 to
1058 2313 1191 2361 what
1214 2314 1302 2361 has
1326 2315 1450 2361 been
1475 2314 1576 2361 said
1596 2330 1606 2360 :
1646 2314 2008 2375 mshorffi
2036 2317 2089 2359 to
2113 2329 2222 2359 sum
2246 2328 2314 2374 up
2384 2356 2386 2361 ,

303 2391 386 2450 all,
405 2407 503 2454 you
528 2391 712 2453 inspire
736 2391 848 2438 love
869 2391 1175 2455 throughout
1190 2393 1276 2439 the
1300 2392 1455 2439 world
1470 2392 1564 2439 and
1581 2407 1731 2453 every
1752 2391 1947 2454 portion
1967 2391 2022 2437 of
2039 2390 2126 2437 the
2146 2390 2312 2437 world.

302 2467 470 2531 Comp.
494 2467 584 2515 Ov.
604 2468 787 2515 heroid.
811 2483 830 2515 I
849 2468 871 2516 1
894 2469 954 2516 21
994 2468 1216 2531 Denique
1240 2470 1461 2532 quisquis
1485 2477 1587 2516 erat
1610 2469 1782 2516 castris
1805 2468 2060 2530 iuqulatus
2079 2466 2282 2514 Achivis
2295 2484 2310 2528 3
2390 2470 2392 2475 ’

305 2548 335 2594 4
363 2548 426 2595 84
451 2546 674 2609 Denique
708 2554 875 2595 nostra
902 2547 1041 2595 iuvat
1076 2548 1270 2595 lumina
1305 2548 1552 2610 quidquid
1586 2547 1708 2609 ayis.
1779 2546 1992 2594 Terence
2030 2546 2071 2593 is
2109 2545 2227 2592 fond
2266 2545 2322 2592 of

300 2626 402 2674 this
437 2642 547 2673 use:
588 2641 741 2689 comp.
770 2642 879 2673 eun.
921 2627 986 2673 40
1015 2627 1220 2689 denique
1243 2627 1458 2674 Nullum
1490 2634 1555 2674 est
1586 2627 1690 2673 iam
1725 2626 1910 2673 dictum
1944 2625 2075 2687 quod
2113 2641 2212 2671 non
2252 2623 2316 2670 sit

302 2703 488 2750 dictum
515 2703 662 2766 prius
673 2719 688 2762 3
741 2703 905 2751 heaut.
941 2704 1003 2750 69
1030 2704 1233 2766 denique
1257 2703 1468 2751 Nullum
1499 2703 1706 2751 remittis
1738 2711 1925 2765 tempus
1957 2718 2108 2764 neque
2144 2708 2186 2748 te
2221 2717 2315 2747 res-

295 2783 438 2846 picis,
476 2783 638 2830 where
677 2782 846 2830 Cicero
881 2783 941 2831 de
976 2783 1058 2831 fin.
1100 2798 1120 2831 1
1157 2785 1186 2831 3
1216 2784 1586 2845 inadvertently
1609 2783 1744 2846 joins
1778 2782 1983 2844 denique
2018 2780 2140 2828 with
2179 2779 2316 2826 what
2387 2781 2392 2837 .j

301 2861 542 2924 precedes.
616 2861 719 2908 But
742 2861 796 2907 in
821 2861 963 2908 Lucr.
991 2862 1196 2909 himself
1211 2877 1231 2909 I
1257 2863 1355 2910 464
1374 2862 1595 2923 Denique
1622 2860 1957 2923 Tyndaridem
1980 2864 2069 2907 cet.
2092 2858 2191 2905 and
2215 2857 2308 2907 471
2383 2880 2392 2916 ,,;

302 2936 522 2999 Denique
558 2939 779 2986 materies
812 2939 857 2985 si
890 2955 1055 2986 rerum
1093 2945 1182 2987 cet.
1209 2941 1296 2988 the
1319 2940 1455 2987 word
1483 2939 1571 2986 has
1596 2938 1743 2986 much
1778 2937 1865 2985 the
1902 2953 2033 2984 same
2071 2937 2215 2994 force,
2240 2935 2315 2982 in-

304 3014 565 3077 troducing
588 3014 773 3077 merely
795 3031 825 3062 a
856 3016 1197 3063 confirmation
1226 3017 1282 3063 of
1314 3017 1447 3064 what
1470 3015 1709 3079 precedes,
1783 3014 1952 3062 Cicero
1976 3013 2071 3060 and
2096 3013 2183 3060 the
2205 3013 2315 3060 best

278 3080 497 3146 lwriters
533 3093 670 3140 often
701 3109 788 3140 use
818 3093 860 3139 it
883 3093 1008 3140 with
1041 3093 1141 3141 this
1185 3095 1315 3141 force
1347 3095 1401 3141 in
1432 3093 1519 3141 the
1550 3110 1682 3140 same
1714 3097 1942 3140 sentence
1965 3091 2090 3138 with
2114 3090 2248 3138 what
2271 3090 2315 3137 it
2375 3077 2392 3157 ξζ

273 3147 437 3219 ζ8111118
472 3187 554 3233 up,
580 3187 633 3217 as
668 3170 722 3216 in
750 3170 836 3217 the
866 3171 1027 3218 clause
1058 3171 1170 3217 four
1200 3172 1346 3219 times
1378 3171 1607 3234 repeated
1642 3171 1710 3234 by
1748 3171 1891 3217 Lucr.
1918 3168 2076 3232 finita
2102 3175 2315 3232 potestas
2350 3162 2389 3218 εἰ

303 3248 510 3310 denique
533 3248 705 3310 cuique
731 3247 959 3306 Quanam
981 3248 1045 3295 sit
1067 3249 1279 3297 ratione:
1323 3250 1438 3296 here
1461 3249 1664 3311 denique
1688 3249 1801 3296 does
1832 3252 1932 3307 not,
1961 3264 2014 3294 as
2037 3248 2079 3294 it
2102 3263 2155 3294 so
2178 3246 2315 3294 often

304 3327 432 3386 does,
465 3325 652 3388 merely
685 3325 783 3372 add
811 3342 876 3372 an
911 3326 1032 3373 item
1063 3326 1116 3373 in
1150 3327 1238 3374 the
1275 3327 1631 3386 enumeration,
1667 3327 1760 3373 but
1798 3326 1980 3373 defines
2017 3342 2152 3372 more
2186 3324 2315 3387 fully
2372 3303 2385 3358 ᾗ

302 3405 439 3451 what
461 3404 702 3467 precedes.
777 3403 882 3451 The
905 3405 1041 3451 word
1064 3421 1232 3452 means
1254 3405 1371 3453 here
1403 3405 1551 3453 much
1574 3406 1710 3452 what
1740 3405 1858 3452 adeo
1886 3405 2000 3451 does
2030 3404 2084 3450 in
2106 3402 2313 3466 Virgil’s
2365 3359 2383 3539 ἐ

303 3483 569 3540 imitation,
606 3497 734 3545 geor.
772 3496 836 3529 111
868 3482 979 3529 242.
1051 3483 1248 3544 rapacis
1285 3485 1326 3530 is
1360 3485 1470 3531 well
1512 3483 1774 3546 explained
1811 3483 1879 3545 by
1912 3482 2043 3530 Ovid
2071 3486 2186 3528 met.
2213 3494 2313 3528 VIII

305 3561 404 3608 550
445 3577 530 3607 nec
572 3567 613 3607 te
647 3561 883 3608 committe
917 3562 1175 3624 rapacibus
1208 3562 1384 3610 undis:
1426 3562 1571 3610 Ferre
1617 3563 1771 3610 trabes
1814 3561 1995 3608 solidas
2031 3560 2314 3622 obliquaque
2352 3541 2378 3637 ἓ

303 3639 481 3687 volvere
506 3655 681 3701 maqno
706 3639 965 3687 Murmure
996 3656 1118 3688 saaca
1150 3641 1313 3688 solent.
1384 3641 1488 3688 vidi
1516 3640 1812 3688 contermina
1842 3639 1980 3700 ripae
2009 3636 2132 3687 Cum
2157 3637 2312 3700 9re9i-
2347 3671 2359 3684 .

2359 3692 2387 3732 <31ss

2360 3734 2387 3757 ..fi

2355 3729 2392 3958 {Pl

2355 3882 2367 3901 ’-

2348 3903 2381 3930 ψ

2349 3936 2364 3958 ,ξ

2387 3545 2392 3643 ,ἑ

2385 3652 2392 3685 ,,

2361 3638 2377 3691 ἲ
