2384 3996
258 227 358 282 170
1128 226 1306 266 NorEs
1345 227 1391 265 11

249 338 342 390 ἅνω
376 339 521 390 xci-rm:
559 342 650 389 but
684 356 750 387 no
785 356 876 388 one
912 340 1016 387 will
1051 354 1164 387 now
1198 342 1439 388 attribute
1474 345 1528 388 to
1562 341 1649 388 the
1684 341 1931 404 Ephesian
1965 341 2066 390 this
2098 341 2251 389 inter-

248 420 434 484 change
458 421 513 467 of
528 420 614 467 the
629 418 759 480 four
782 419 1041 466 elements:
1076 419 1143 480 by
1165 419 1251 466 the
1274 435 1430 481 vague
1459 423 1471 445 ‘
1489 418 1624 480 they’
1650 418 1792 467 Lucr.
1819 437 1885 466 no
1910 420 2064 467 doubt
2087 420 2253 482 points

248 503 436 565 mainly
458 506 512 549 at
546 502 633 548 the
667 501 844 559 stoics3
879 501 1041 547 whose
1077 500 1337 562 champion
1371 516 1479 561 says
1513 500 1568 546 in
1598 499 1694 546 Cic.
1724 501 1784 547 de
1815 504 1916 547 nat,
1953 501 2079 547 deor.
2116 514 2159 546 11
2190 499 2252 546 84

248 596 359 626 cum
395 586 626 641 quattuor
668 577 767 624 sint
810 593 987 638 yenera
1024 593 1294 638 corporum,
1343 576 1676 623 vicissitudine
1721 593 1886 624 eorum
1921 576 2100 624 mundi
2145 593 2255 623 con-

248 656 448 704 tinuata
469 663 655 702 natura
679 661 753 702 est.
781 671 900 700 nam
923 670 979 700 ex
1001 661 1130 700 terra
1152 670 1298 714 aqua,
1324 670 1381 700 ex
1404 670 1535 715 aqua
1558 654 1718 700 oritur
1740 670 1835 713 aer,
1863 670 1920 701 ex
1942 669 2049 700 aere
2072 653 2228 700 aether
2238 669 2253 712 3

248 734 419 781 deinde
441 741 704 780 retrorsum
726 730 938 777 vicissim
960 747 1017 777 eae
1040 729 1221 777 aethere
1241 746 1336 789 aer,
1361 730 1476 777 inde
1499 747 1644 792 aqua,
1671 747 1729 778 ex
1752 748 1884 793 aqua
1908 739 2039 778 terra
2065 729 2251 792 infima.

247 812 316 860 sic
338 811 538 859 nat-uris
559 811 637 870 iis,
663 825 720 856 ex
743 809 918 871 quibus
949 808 1117 855 omnia
1141 815 1375 864 constant,
1406 825 1578 856 sursus
1601 809 1797 856 deorsus
1828 809 1958 857 ultro
1983 809 2102 856 citro
2132 825 2256 855 com-

249 889 521 938 meantibus
552 887 731 934 mundi
753 886 984 948 partium
1014 885 1289 932 coniunctio
1322 885 1623 933 continetur:
1661 886 1757 933 and
1790 903 1943 950 comp.
1977 887 2046 933 ib.
2078 900 2144 933 111
2173 887 2250 934 31.

249 969 484 1016 Martian.
514 966 628 1028 Gap.
656 979 732 1012 vn
759 964 857 1012 738
881 980 924 1026 p.
955 963 1051 1010 592
1079 964 1232 1026 Kopp
1257 979 1314 1010 ex
1336 963 1544 1024 informi
1566 963 1762 1011 materie
1789 962 1937 1030 [their
1959 962 2122 1014 ἄποιος
2143 961 2254 1030 ὕλη]

240 1046 439 1109 primus
460 1043 603 1106 iynis,
631 1059 688 1089 ex
710 1042 816 1103 iyni
840 1057 936 1100 aer,
970 1057 1027 1087 em
1050 1057 1156 1088 aere
1179 1058 1326 1103 aqua,
1353 1057 1410 1088 ea:
1433 1058 1564 1103 aqua
1588 1049 1718 1089 terra
1733 1059 1747 1103 3
1781 1042 1895 1090 item
1912 1041 1980 1103 fit
2009 1042 2255 1089 adscensio

247 1132 292 1172 et
316 1141 371 1171 ex
393 1130 524 1170 terra
547 1137 680 1183 aqua
703 1127 782 1176 est,
816 1136 871 1167 ex
894 1135 1028 1180 aqua
1051 1136 1146 1179 aer,
1174 1136 1230 1166 em
1261 1136 1365 1166 aere
1387 1119 1531 1181 iynis,
1557 1135 1615 1167 ex
1636 1119 1743 1180 iqni
1773 1119 1829 1166 in
1852 1124 1941 1167 cet.
1961 1137 1972 1167 z
2006 1120 2130 1167 with
2155 1119 2252 1170 787

247 1199 345 1250 788
377 1205 461 1247 too
485 1215 637 1260 comp.
673 1196 875 1259 Emped.
908 1196 1030 1243 122:
1067 1196 1144 1242 for
1165 1196 1270 1242 him
1293 1196 1394 1243 also
1427 1196 1569 1243 Lucr.
1605 1201 1740 1243 must
1772 1196 2004 1259 partially
2030 1196 2253 1244 include:

247 1275 356 1325 ἀλλ’
380 1273 477 1323 αὔτ’
502 1275 629 1324 ἔστιν
650 1275 796 1322 ταῦτα
819 1271 874 1321 δι’
898 1271 1122 1334 οἷλλήλων
1153 1271 1202 1319 δὲ
1236 1271 1402 1321 θέοντα
1429 1273 1646 1338 Γίγνεται
1669 1271 1875 1321 ἄλλοθεν
1897 1270 2026 1319 ἄλλα
2057 1271 2258 1335 διηνεκὲς

248 1356 345 1403 αἰὲν
377 1351 542 1417 ὁμοῖαι
574 1352 736 1399 which
771 1367 853 1398 are
888 1350 1118 1413 repeated
1149 1350 1273 1397 with
1309 1366 1443 1397 some
1479 1350 1738 1398 difference
1778 1350 1871 1396 136
1906 1349 2014 1398 137.
2156 1351 2253 1398 '782

246 1439 465 1496 repetunt
489 1449 544 1480 a:
576 1431 693 1478 thus
717 1430 836 1477 used
861 1429 1075 1475 without
1098 1445 1162 1475 an
1186 1429 1347 1492 object
1371 1429 1437 1491 by
1463 1429 1561 1476 Cio.
1588 1445 1676 1492 pro
1701 1428 1891 1476 Archia
1919 1429 1941 1475 1
1969 1427 2083 1476 inde
2105 1445 2257 1491 usque

245 1519 457 1575 repetens
466 1530 480 1573 3
514 1511 575 1558 de
599 1513 718 1557 orat.
747 1523 766 1555 1
793 1508 852 1555 91
889 1525 1000 1555 eum
1029 1515 1251 1569 repeteret
1275 1523 1426 1570 usque
1450 1524 1482 1555 a
1516 1507 1692 1555 Corace
1713 1507 1870 1555 nescio
1893 1523 1987 1568 quo
2009 1514 2052 1554 et
2084 1506 2256 1568 Tisia3

248 1592 376 1638 Aen.
405 1604 424 1636 1
457 1589 552 1637 372
587 1587 632 1635 si
658 1587 831 1650 prima
864 1593 1072 1648 repetens
1107 1585 1167 1632 ab
1202 1585 1390 1647 oriqine
1421 1602 1633 1647 perqam.
1775 1585 1872 1632 '783
1908 1601 2061 1632 auras
2095 1585 2253 1633 aeris:

250 1669 343 1716 801
372 1667 500 1716 aeris
521 1682 700 1714 auras:
738 1681 815 1712 see
839 1681 892 1711 n.
916 1669 970 1710 to
1003 1663 1114 1712 207.
1257 1662 1355 1711 ¹784
1386 1663 1612 1711 imbrem.
1631 1699 1640 1710 .
1659 1661 1831 1709 imbri:
1868 1678 1948 1709 see
1979 1679 2025 1709 n.
2054 1667 2106 1709 to
2139 1661 2250 1712 715.

250 1748 346 1795 '78'7
388 1746 516 1793 inter
546 1761 593 1792 se
639 1751 855 1791 mutare:
907 1759 1064 1805 comp.
1101 1756 1156 1789 VI
1203 1741 1301 1789 456
1337 1741 1449 1789 haec
1484 1741 1833 1804 comprendunt
1867 1740 1997 1787 inter
2030 1757 2103 1801 se3
2156 1741 2256 1788 and

247 1824 457 1888 perhaps
481 1838 500 1870 1
527 1821 621 1872 397
663 1820 769 1883 Ipse
792 1821 849 1867 in
871 1836 917 1867 se
941 1819 1142 1877 trahere,
1166 1820 1330 1867 where
1353 1836 1432 1867 see
1455 1837 1506 1867 n.
1530 1837 1539 1867 :
1577 1836 1629 1866 so
1654 1818 1752 1866 Cic.
1781 1819 1841 1865 de
1865 1823 1983 1865 orat.
2011 1832 2054 1865 11
2081 1818 2142 1866 13
2167 1818 2257 1880 qui

249 1919 359 1950 cum
392 1902 522 1949 inter
554 1917 601 1948 se
616 1937 626 1947 .
644 1937 653 1947 .
673 1898 962 1947 amicissime
986 1898 1364 1945 con-salutassent
1382 1915 1397 1958 3
1435 1897 1633 1944 Laelius
1666 1898 1729 1945 82
1753 1913 1903 1958 neque
1926 1896 2083 1943 solum
2106 1896 2256 1944 colent

246 1981 376 2029 inter
409 1996 455 2028 86
490 1996 548 2027 ac
582 1978 795 2039 diliqent,
834 1977 919 2024 sed
949 1976 1095 2023 etiam
1130 1976 1421 2024 verebuntur
1437 1992 1451 2035 3
1498 1976 1562 2023 ad
1597 1975 1708 2023 Att.
1747 1989 1802 2022 VI
1843 1975 1866 2022 1
1909 1975 1970 2021 12
2012 1973 2258 2023 Cicerones

238 2061 391 2126 pueri
414 2066 584 2109 amant
607 2058 734 2106 inter
757 2074 829 2105 se:
861 2073 913 2104 8ο
938 2056 1149 2104 Plautus
1173 2074 1341 2105 amare
1356 2058 1485 2104 inter
1506 2073 1553 2104 se
1577 2073 1711 2104 more
1734 2056 1857 2103 than
1883 2073 2015 2103 once.
2156 2057 2255 2104 Ι788

246 2141 408 2190 sidera
438 2138 628 2198 mundi,
661 2154 691 2184 a
721 2136 966 2184 favourite
997 2138 1292 2199 expression,
1325 2137 1556 2184 imitated
1590 2138 1658 2200 by
1689 2137 1858 2200 Virgil
1891 2137 2002 2184 who
2034 2136 2123 2184 has
2153 2137 2255 2185 also

246 2227 383 2268 astra
405 2216 595 2276 mundi,
630 2215 828 2263 lumina
849 2214 1052 2261 mundi:
1088 2215 1268 2262 mundi
1290 2215 1418 2274 here,
1450 2231 1503 2262 as
1531 2216 1667 2263 often
1698 2215 1751 2262 in
1775 2215 1917 2262 Lucr.
1952 2215 2050 2262 and
2074 2215 2252 2275 otherS‚

245 2297 447 2345 :caeli:
487 2294 648 2342 Catul.
680 2307 802 2340 LXIV
835 2293 933 2340 206
967 2293 1295 2355 concussitque
1327 2293 1566 2340 micantia
1597 2292 1759 2340 sidera
1784 2292 2017 2341 mundus.
2156 2293 2255 2341 '790

248 2377 343 2426 '791
370 2375 456 2423 the
481 2389 611 2421 same
635 2372 690 2419 in
719 2371 952 2433 meaning
983 2387 1035 2418 as
1062 2370 1158 2420 672
1187 2372 1297 2430 673,
1333 2371 1524 2434 though
1555 2371 1643 2419 the
1675 2371 1956 2435 expression
1983 2371 2028 2418 is
2059 2371 2253 2431 varied3

245 2455 395 2502 while
443 2452 539 2501 '792
578 2451 675 2499 '793
716 2466 799 2497 are
835 2449 1031 2511 exactly
1065 2451 1295 2512 repeated
1335 2450 1463 2497 from
1501 2451 1598 2500 670
1649 2450 1761 2509 671,
1799 2450 1964 2497 where
2009 2466 2087 2497 see
2120 2455 2250 2498 note.

247 2536 346 2586 '794
369 2551 492 2599 quae
514 2534 546 2581 i.
565 2550 603 2581 e.
631 2532 716 2580 the
747 2531 976 2579 so-called
1007 2531 1119 2578 four
1150 2531 1396 2579 elements.
1538 2532 1635 2580 '795
1671 2530 1739 2578 In
1770 2548 1932 2579 comm.
1965 2547 2065 2578 ven.
2100 2547 2255 2579 seems

246 2625 300 2668 to
335 2617 572 2667 resemble
606 2616 691 2663 the
726 2630 846 2678 very
881 2629 1106 2661 common
1139 2613 1340 2677 phrases
1374 2612 1534 2660 venire
1568 2613 1625 2660 in
1658 2612 1932 2668 discrimen,
1963 2612 2250 2674 periculum,

247 2701 430 2760 odium,
479 2697 884 2761 contemptionem,
933 2696 1327 2743 consuetudinem
1371 2695 1470 2742 and
1516 2695 1603 2742 the
1647 2694 1776 2741 like:
1825 2700 2183 2754 commutatum,
2225 2710 2258 2741 a

247 2775 376 2835 ἅπαξ
408 2772 1105 2842 λεγομεοοωωιιὺειτίοηθῑηε
1143 2789 1220 2820 866
1254 2790 1301 2820 n.
1337 2777 1391 2820 to
1429 2772 1539 2820 653.
1681 2772 1778 2819 '796
1816 2787 1872 2818 ea
1901 2771 1988 2818 the
2019 2771 2130 2817 four
2161 2769 2255 2816 ele-

246 2861 435 2905 ments:
462 2871 517 2902 ex
539 2853 655 2901 aliis
678 2869 797 2915 quae
821 2857 910 2900 etc.
939 2849 1059 2897 such
1083 2851 1228 2898 other
1242 2850 1524 2912 primordia
1546 2866 1599 2896 as
1623 2853 1804 2896 cannot
1826 2847 2027 2910 change.
2155 2847 2252 2895 '79¹7

248 2934 359 2982 tibi:
396 2932 538 2979 Lucr.
566 2932 608 2978 is
631 2931 751 2977 fond
775 2930 830 2978 of
858 2928 959 2976 this
982 2927 1181 2975 dativus
1215 2928 1406 2975 ethicus
1437 2943 1489 2974 as
1520 2927 1640 2989 they
1657 2926 1752 2973 call
1782 2925 1851 2973 it:
1885 2925 1988 2972 this
2009 2941 2131 2986 very
2151 2923 2254 2971 line

247 3027 415 3060 occurs
449 3011 559 3057 four
592 3009 763 3056 times:
812 3022 965 3068 comp.
1004 3005 1105 3053 also
1142 3007 1203 3056 77
1211 3007 1239 3053 3
1274 3005 1435 3052 Nulla
1482 3005 1570 3052 tibi
1612 3021 1668 3051 ex
1701 3003 1803 3051 iltis
1839 3003 2019 3065 poterit
2051 3019 2126 3050 res
2161 3019 2255 3050 esse

248 3097 409 3138 creata
418 3104 433 3149 3
472 3088 568 3135 918
606 3086 694 3134 tibi
715 3093 923 3147 pereunt
948 3084 1233 3152 primordia
1263 3099 1454 3143 rerum3
1490 3097 1532 3129 11
1564 3083 1662 3129 500
1695 3080 1810 3128 Iam
1841 3080 1927 3128 tibi
1957 3084 2047 3127 cet.
2068 3097 2082 3140 3
2123 3080 2252 3128 1038

194 3175 198 3178 ’
252 3169 411 3227 Quam
443 3166 530 3214 tibi
551 3166 655 3212 iam
684 3181 821 3211 nemo
854 3170 942 3212 cet.
959 3182 972 3226 3
1010 3179 1073 3211 111
1101 3162 1195 3212 197
1221 3170 1277 3209 ut
1309 3162 1367 3209 ab
1399 3177 1586 3208 summo
1619 3160 1707 3208 tibi
1738 3159 1933 3221 diffluat
1965 3159 2096 3206 altus
2126 3176 2253 3207 acer-

249 3263 340 3294 vus
350 3263 366 3307 3
403 3245 500 3294 279
537 3243 621 3292 Sic
656 3242 746 3290 tibi
771 3243 988 3290 nominis
1019 3246 1139 3302 cet.3
1178 3255 1232 3288 1v
1258 3241 1352 3288 511
1388 3239 1494 3288 Illa
1519 3239 1607 3287 tibi
1630 3247 1696 3286 est
1717 3238 1871 3300 iyitur
1881 3255 1896 3298 3
1933 3237 2028 3287 875
2057 3237 2144 3285 tibi
2166 3255 2252 3285 an-

249 3328 358 3376 hela
390 3327 525 3386 sitisj,
570 3338 606 3373 V
640 3325 739 3372 260
774 3332 905 3372 terra
941 3323 1027 3372 tibi
1060 3323 1268 3382 libatur3
1308 3322 1406 3370 294
1440 3329 1681 3369 nocturna
1716 3320 1803 3368 tibi
1813 3337 1828 3381 3
1866 3319 1962 3366 805
2002 3318 2132 3366 Tum
2166 3317 2255 3365 tibi

251 3416 380 3455 terra
414 3405 571 3464 dedit3
612 3404 739 3451 1209
777 3403 978 3465 Nequae
998 3402 1133 3464 forte
1168 3401 1312 3448 deum
1346 3400 1482 3448 nobis
1517 3405 1606 3447 cet.
1621 3417 1635 3461 3
1676 3414 1740 3447 111
1777 3399 1872 3446 992
1914 3397 2081 3459 Tityos
2118 3396 2255 3444 nobis

248 3486 326 3533 liic
349 3491 426 3533 est.
568 3483 665 3530 '798
701 3481 833 3539 Quin
856 3481 1050 3544 potius.
1071 3517 1080 3528 .
1101 3479 1387 3527 constituas‘l
1424 3483 1552 3525 most
1584 3478 1778 3525 writers
1810 3475 1972 3524 would
2002 3475 2119 3522 here
2147 3490 2253 3537 pre-

249 3563 323 3610 fer
345 3561 431 3609 the
453 3559 599 3607 indic.
619 3575 629 3606 :
666 3575 745 3606 see
768 3574 814 3606 n.
842 3563 896 3606 to
921 3559 1019 3606 588
1038 3574 1048 3605 :
1083 3557 1196 3604 that
1220 3556 1296 3603 his
1318 3561 1477 3603 atoms
1501 3556 1564 3603 do
1586 3555 1704 3602 thus
1727 3554 1868 3601 work
1889 3554 1951 3600 he
1974 3552 2079 3599 will
2101 3551 2254 3598 abun-

249 3639 426 3703 dantly
447 3638 578 3688 shew
601 3638 656 3685 in
686 3637 774 3685 the
796 3637 974 3685 second
996 3636 1127 3685 book
1137 3651 1152 3696 3
1188 3636 1288 3683 and
1311 3634 1490 3684 indeed
1512 3635 1556 3683 it
1587 3635 1628 3682 is
1651 3632 1914 3682 reiterated
1943 3631 1998 3678 in
2021 3630 2108 3678 the
2130 3634 2254 3676 next
