2384 3996
1012 213 1167 254 BOOK
1205 212 1277 253 111
2047 196 2161 265 269¹

141 331 260 382 ...Si
281 328 532 395 defendere
549 368 559 379 .
582 367 593 379 .
611 330 790 392 malles,
821 329 1032 379 Nullum
1054 330 1188 377 ultra
1211 327 1407 377 verbum
1431 331 1520 376 cet.
1541 344 1552 387 3
1590 326 1767 374 Iuven.
1795 340 1858 374 111
1886 325 1982 373 100
2007 325 2152 384 rides,

133 411 316 459 maiore
350 410 585 458 cachinno
621 410 944 471 Concubitum
977 409 1084 472 flet,
1121 408 1166 456 si
1200 412 1291 455 cet.
1468 407 1564 454 935
1600 405 1790 468 qratis:
1834 405 1899 451 its
1934 404 2155 466 opposite

133 488 345 551 inyratis
367 489 409 535 is
433 489 554 536 used
577 490 643 551 by
668 489 812 537 Lucr.
839 489 950 536 four
972 487 1118 535 times
1140 505 1150 536 :
1187 486 1400 534 Plautus
1425 485 1523 532 and
1557 484 1771 531 Terence
1802 483 1929 529 have
1952 483 2038 528 the
2062 481 2156 527 full

133 566 284 613 forms
315 567 494 628 qratiis
530 567 628 613 and
662 567 910 629 inqratiis,
947 567 1039 613 but
1076 565 1246 613 Cicero
1281 580 1391 611 uses
1424 563 1581 625 qratis
1616 562 1714 610 and
1750 560 1998 623 inqratis:
2035 559 2158 621 they

134 660 278 692 mean
302 646 423 692 with
448 646 536 693 the
558 647 662 693 will
685 647 784 694 and
807 647 1001 709 against
1025 644 1112 692 'ohe
1135 644 1237 691 will
1262 642 1597 707 respectively.
1770 640 1866 687 936
1897 646 2158 701 pertusum

134 726 223 770 cet.
243 739 253 769 :
281 722 409 771 1009
436 723 625 771 laticem
640 731 899 786 pertusum
922 739 1165 785 conqerere
1188 723 1244 769 in
1266 738 1378 769 vas:
1415 720 1501 768 the
1525 718 1740 767 allusion
1770 717 1889 764 here
1912 716 2158 763 therefore

134 805 270 847 must
291 801 353 848 be
375 805 429 848 to
453 801 539 848 the
563 802 812 850 Danaids:
850 801 1015 848 Plaut.
1041 800 1209 864 pseud.
1239 800 1334 847 369
1361 797 1430 846 In
1450 805 1709 860 pertusum
1735 794 2006 858 inqerimus
2028 793 2161 840 dicta

135 878 349 941 dolium3
397 897 594 943 operam
635 881 868 929 ludimus.
1034 881 1130 928 93¹7
1167 879 1367 941 inqrata
1403 878 1446 925 is
1492 876 1707 940 opposed
1742 878 1796 921 to
1839 874 1937 922 935
1982 871 2159 934 gyratis.

137 957 234 1006 938
269 958 449 1021 plenus
486 964 613 1008 cet.:
662 976 814 1022 comp.
858 959 957 1006 960
997 957 1158 1016 Quam
1192 965 1333 1005 satur
1373 961 1462 1003 cet.
1507 955 1608 1002 and
1647 954 1773 1001 Hor.
1811 957 1899 999 sat.
1936 965 1956 998 1
1993 950 2016 997 1
2058 950 2155 997 118

91 1036 94 1038 ’
134 1041 294 1083 emacto
319 1042 566 1083 contentus
589 1043 808 1098 tempore,
834 1035 938 1084 vita
963 1033 1115 1083 Cedat
1145 1034 1223 1081 uti
1246 1033 1447 1082 conviva
1477 1039 1650 1092 satur,
1685 1031 1810 1078 then
1842 1028 1934 1076 121
1962 1027 2161 1075 verbum

134 1129 237 1160 non
260 1113 476 1176 amplius
499 1114 683 1161 addam
693 1131 709 1174 3
745 1114 845 1161 and
868 1113 1013 1160 Lucr.
1048 1111 1142 1159 941
1171 1128 1259 1159 cur
1292 1110 1508 1173 amplius
1540 1109 1716 1157 addere
1740 1107 1948 1170 quaeris.
2023 1105 2164 1153 Orel-

133 1190 232 1238 lius
262 1191 350 1239 1.1.
381 1196 558 1255 quotes
592 1192 720 1239 from
757 1191 998 1239 Stobaeus
1033 1187 1193 1253 ὥσπερ
1229 1191 1280 1237 ἐκ
1315 1187 1588 1252 συμποσίου
1623 1183 1995 1248 ἀπαλλάττομαι
2031 1183 2162 1232 οὐδὲν

135 1267 462 1332 δυσχεραίνων,
489 1267 607 1318 οὕτω
639 1268 715 1317 καὶ
740 1271 790 1316 ἐκ
811 1270 896 1317 τοῦ
918 1268 1044 1332 βίου,
1073 1266 1186 1316 ὅταν
1208 1266 1239 1330 ἦ
1263 1265 1359 1331 ὥρα
1380 1265 1423 1332 ᾗ.
1498 1266 1668 1330 Comp.
1697 1271 1782 1314 fioo
1809 1265 1904 1312 969
1932 1281 2081 1326 quam
2105 1271 2162 1311 tu

135 1346 338 1395 cecidere
371 1347 635 1409 cadentque
658 1347 784 1394 with
819 1347 944 1394 Hor.
980 1362 1059 1394 ars
1091 1344 1156 1396 70
1193 1363 1316 1409 quae
1351 1346 1457 1393 iam
1492 1345 1695 1392 cecidere
1729 1343 2021 1405 cadentque:
2061 1342 2156 1391 971

135 1423 347 1487 perhaps
382 1425 507 1471 with
544 1425 683 1488 epist.
720 1438 764 1471 11
801 1425 831 1471 2
871 1424 994 1472 159:
1043 1440 1121 1471 see
1154 1441 1202 1472 n.
1246 1423 1414 1471 there:
1465 1423 1561 1470 996
1602 1421 1700 1480 Qui
1726 1429 1885 1484 petere
1920 1437 1953 1468 a
1979 1420 2169 1483 populo

121 1500 288 1562 fasces
320 1518 577 1565 saevasque
611 1518 796 1550 secures
830 1500 867 1548 Ι
863 1501 1032 1550 mbibit
1066 1509 1109 1549 et
1142 1518 1326 1563 semper
1358 1502 1514 1548 victus
1551 1500 1794 1563 tristisque
1827 1499 2004 1547 recedit
2037 1498 2164 1545 with

137 1579 277 1642 epist.
305 1594 325 1627 1
353 1580 413 1627 16
441 1580 503 1627 33
529 1587 585 1628 ut
608 1580 654 1628 si
675 1579 919 1628 Detulerit
936 1579 1101 1641 fasces
1130 1579 1336 1640 indiqno
1369 1578 1582 1626 detrahit
1613 1578 1755 1625 idem.
1795 1583 1810 1605 ‘
1823 1576 1973 1638 Pone,
1999 1592 2162 1623 meum

135 1655 220 1705 est'
245 1656 439 1719 inquit:
466 1674 601 1720 pono
633 1657 877 1719 tristisque
907 1657 1103 1705 recedo:
1145 1657 1274 1704 1028
1307 1657 1503 1719 maqnis
1538 1656 1627 1718 qui
1658 1655 1880 1718 qentibus
1913 1654 2165 1717 imperita-

136 1741 259 1782 runt
281 1735 405 1781 with
428 1739 516 1783 sat.
543 1750 565 1783 1
592 1735 620 1782 6
645 1735 676 1782 4
702 1735 790 1797 qui
812 1735 1007 1796 maqnis
1030 1734 1296 1797 leqionibus
1319 1734 1660 1797 imperitarent
1672 1751 1687 1794 ,·
1716 1749 1771 1780 as
1796 1733 1940 1780 Lucr.
1969 1747 2003 1780 V
2032 1731 2161 1782 1227

136 1812 224 1860 has
246 1811 656 1876 Induperatorem
672 1850 682 1861 .
703 1851 713 1862 .
737 1811 864 1861 Cum
885 1812 1068 1861 validis
1091 1812 1386 1874 leqionibus:
1426 1812 1556 1860 1063
1583 1809 1755 1859 Currit
1779 1827 1927 1872 aqens
1950 1827 2163 1858 mannos

137 1890 210 1938 ad
237 1891 420 1952 villam,
464 1891 592 1940 1066
618 1890 722 1939 Aut
746 1891 847 1939 abit
871 1891 930 1939 in
960 1907 1188 1939 somnum
1209 1890 1377 1952 qravis
1407 1897 1550 1952 atque
1578 1889 1759 1937 oblivia
1782 1889 1987 1951 quaerit,
2031 1889 2162 1937 1068

137 1966 247 2016 Ηοο
268 1985 317 2017 se
339 1969 541 2032 quisque
563 1969 705 2017 modo
722 1968 866 2031 fuqit
890 1967 962 2034 (at
984 1985 1126 2031 quem
1148 1968 1340 2028 scilicet,
1366 1976 1424 2015 ut
1432 1967 1510 2032 fit,
1538 1966 1743 2030 effuqere
1765 1967 1889 2015 haut
1917 1968 2051 2030 potis
2082 1975 2161 2029 est,

136 2044 350 2109 inqratis
371 2046 551 2113 haeret)
575 2048 702 2095 with
726 2048 864 2111 epist.
890 2061 911 2094 Ι
936 2048 965 2097 7
993 2046 1056 2097 77
1095 2045 1364 2109 Impositus
1394 2046 1609 2106 mannis,
1646 2050 1740 2093 sat.
1765 2059 1807 2092 ΙΙ
1834 2045 1862 2092 6
1891 2045 1954 2093 60
1995 2044 2034 2093 O
2058 2063 2164 2106 rus,

137 2124 335 2186 quando
367 2140 448 2187 eqo
473 2132 514 2172 te
537 2124 778 2187 aspiciam
793 2161 803 2172 .
832 2160 843 2172 .
861 2140 997 2172 nunc
1019 2140 1186 2172 somno
1211 2131 1254 2171 et
1276 2123 1516 2171 inertibus
1546 2122 1680 2170 horis
1711 2123 1900 2172 Ducere
1930 2123 2165 2172 sollicitae

137 2201 362 2249 iucunda
387 2201 570 2249 oblivia
598 2201 738 2260 vitae,
767 2202 796 2250 7
826 2201 920 2248 112
945 2200 1062 2248 Non
1089 2201 1266 2249 horam
1293 2209 1447 2249 tecum
1478 2217 1574 2249 esse
1597 2208 1748 2263 potes,
1773 2217 1875 2248 non
1905 2201 2010 2249 otia
2042 2209 2165 2250 recte

138 2277 339 2339 Ponere,
377 2287 511 2341 teque
541 2279 705 2342 ipsum
738 2279 865 2326 vitas
884 2278 1140 2340 fuqitivus
1170 2286 1212 2326 et
1249 2295 1357 2327 erro
1372 2316 1382 2327 .
1401 2315 1411 2326 .
1433 2279 1540 2327 iam
1572 2296 1740 2327 somno
1762 2278 1948 2341 fallere
1982 2296 2129 2328 curas
2152 2297 2162 2328 :

139 2356 365 2417 Frustra,
390 2374 510 2405 nam
533 2373 683 2405 comes
705 2364 820 2404 atra
834 2357 1017 2419 premit
1039 2357 1351 2419 sequiturque
1359 2356 1607 2419 fu9acem,
1633 2358 1708 2404 od.
1731 2372 1773 2404 11
1796 2358 1856 2405 16
1887 2358 1947 2405 19
1963 2358 2164 2420 patriae

141 2436 252 2498 quis
274 2435 386 2483 exul
407 2435 468 2483 Se
492 2452 677 2498 quoque
686 2434 866 2497 fuqit?
902 2435 1041 2499 epist.
1070 2449 1090 2481 1
1118 2435 1180 2481 14
1209 2435 1270 2482 13
1294 2433 1363 2481 In
1391 2435 1539 2497 culpa
1567 2442 1633 2482 est
1657 2434 1856 2482 animus
1879 2435 1968 2497 qui
1990 2452 2037 2483 se
2060 2452 2164 2484 non

137 2513 303 2576 effuqit
336 2530 584 2575 umquam.
656 2512 854 2560 Horace
887 2517 1023 2560 must
1056 2512 1184 2559 have
1218 2511 1416 2560 studied
1450 2512 1552 2559 this
1586 2516 1700 2575 part
1734 2511 1791 2559 of
1818 2511 1965 2560 Luer.
1997 2513 2163 2562 which

142 2591 309 2640 would
332 2592 443 2639 well
466 2607 609 2654 agree
634 2590 757 2637 with
781 2589 859 2637 his
881 2589 1188 2653 philosophy.

248 2670 344 2718 939
392 2669 528 2732 capis
561 2685 780 2716 securam
815 2673 934 2716 ceth:
973 2667 1064 2715 Ov.
1096 2668 1213 2715 fasti
1249 2682 1306 2717 VI
1344 2667 1438 2716 331
1485 2667 1623 2717 Vesta
1662 2668 1786 2717 iacet
1819 2668 2164 2732 placidamque

143 2747 277 2811 capit
311 2763 483 2795 secura
518 2746 746 2809 quietem:
794 2762 946 2809 comp.
987 2746 1112 2793 with
1150 2746 1287 2793 what
1323 2747 1552 2810 precedes
1593 2745 1704 2795 Sen.
1741 2747 1802 2794 de
1837 2748 1994 2795 benef.
2027 2762 2091 2795 111
2130 2749 2162 2796 4

143 2826 229 2875 hoc
258 2826 358 2874 loco
384 2825 687 2874 reddendum
714 2832 778 2872 est
812 2825 1033 2888 Epicuro
1067 2825 1394 2873 testimonium
1427 2826 1516 2888 qui
1552 2825 1759 2873 adsidue
1783 2826 2010 2888 queritur
2032 2827 2167 2888 quod

143 2905 376 2954 adversus
409 2903 676 2967 praeterita
717 2903 872 2951 simus
905 2903 1107 2965 inqrati,
1149 2903 1283 2965 quod
1325 2920 1651 2966 quaecumque
1689 2904 1995 2966 percepimus
2034 2905 2162 2953 bona

143 2999 245 3031 non
279 2982 571 3030 reducamus
609 2997 696 3029 nec
726 2981 854 3029 inter
889 2980 1156 3044 voluptates
1200 2998 1523 3041 numeremus,
1565 2997 1676 3028 cum
1713 2981 1886 3029 certior
1919 2981 2067 3029 nulla
2097 2983 2163 3030 sit

142 3061 367 3124 voluptas
397 3077 546 3123 quam
575 3076 700 3122 quae
732 3060 837 3108 iam
864 3059 993 3123 eripi
1025 3076 1127 3107 non
1157 3067 1319 3123 potest.
1463 3059 1559 3108 941
1596 3060 1654 3107 in
1687 3058 1944 3122 offensust:
1982 3060 2162 3124 offensa

145 3139 200 3186 in
224 3139 392 3187 Cicero
404 3156 418 3199 3
454 3156 507 3186 as
530 3138 594 3186 ad.
616 3138 730 3186 Aa.
757 3152 814 3186 lx
838 3138 868 3185 2
898 3155 928 3185 a
952 3138 982 3185 2
1017 3153 1167 3200 η69α3
1191 3146 1233 3186 te
1262 3137 1485 3186 dubitare
1516 3137 1642 3200 quin
1672 3154 1859 3200 maqna
1890 3138 1948 3186 in
1981 3138 2161 3202 offensa

146 3215 242 3264 sim
275 3216 414 3278 apud
434 3215 753 3278 Pompeium:
790 3232 842 3263 so
877 3215 935 3264 in
965 3216 1163 3264 invidia
1197 3216 1255 3264 in
1287 3215 1479 3276 honore,
1505 3215 1562 3263 in
1593 3232 1757 3264 amore
1786 3232 1906 3264 esse:
1944 3230 2001 3265 IV
2028 3217 2158 3265 1156

147 3293 268 3342 Esse
289 3293 348 3341 in
368 3293 553 3341 deliciis
574 3310 852 3356 summoque
874 3293 932 3342 in
953 3293 1129 3342 honore
1151 3294 1316 3356 viqere.
1459 3293 1556 3342 943
1597 3291 1724 3360 [cur]
1755 3293 1875 3341 Non
1899 3299 1990 3342 cet.
2000 3293 2160 3357 finem

133 3369 296 3434 facis:
335 3369 464 3417 1093
506 3370 594 3431 qui
614 3369 773 3431 finem
813 3370 939 3418 vitai
961 3370 1113 3432 fiecit3
1151 3371 1258 3419 Ter.
1299 3371 1500 3420 Phorm.
1542 3371 1606 3418 22
1644 3371 1718 3420 De
1749 3371 1839 3419 illo
1873 3371 1978 3419 iam
1997 3370 2160 3433 finem

133 3448 335 3512 faciam
367 3447 559 3495 dicendi
585 3447 709 3494 mihi
741 3447 987 3496 Peccandi
1016 3449 1249 3511 cumipse
1277 3450 1335 3498 de
1371 3467 1419 3498 se
1441 3448 1603 3512 finem
1638 3466 1740 3497 non
1761 3449 1921 3511 facit:
1956 3450 2050 3497 but
2072 3450 2159 3497 the

147 3524 324 3589 phrase
346 3524 388 3572 is
411 3540 531 3586 very
554 3539 790 3572 common.
967 3524 1062 3572 945
1099 3526 1265 3574 eadem
1286 3535 1404 3575 sunt
1427 3527 1598 3575 omnia
1620 3543 1818 3589 semper,
1858 3527 1954 3575 947
1991 3527 2159 3575 eadem

150 3610 313 3654 tamen
333 3601 502 3652 ommia
523 3608 728 3652 restant:
764 3618 817 3651 so
841 3618 950 3667 says
972 3602 1059 3652 the
1082 3605 1319 3669 preacher.
1340 3620 1360 3654 1
1386 3606 1414 3656 9
1454 3605 1527 3655 the
1551 3605 1689 3668 thiny
1713 3605 1817 3654 that
1839 3603 1957 3654 halla
1980 3604 2091 3653 been
2114 3604 2159 3653 is
