2384 3996
267 262 370 317 252
1138 264 1317 304 NOTES
1354 265 1400 304 11

258 376 447 437 montis,
497 376 595 425 295
631 375 800 424 M'ulta
833 375 999 424 virum
1031 375 1224 424 volvens
1265 376 1497 424 durando
1529 376 1724 424 saecula
1756 377 1921 439 vincit,
1971 378 2065 429 297
2102 377 2265 426 media

257 453 369 516 ipsa
390 454 514 502 with
538 469 558 501 1
584 455 679 503 201
717 454 950 502 Transire
979 461 1022 501 et
1052 469 1254 514 maqnos
1282 453 1513 500 manibus
1547 453 1770 502 divellere
1800 456 1977 503 montis
2006 455 2264 516 Multaque

257 531 459 580 vivendo
492 531 669 579 vitalia
698 531 885 579 vincere
915 530 1084 589 saecla,
1119 544 1154 576 V
1181 530 1278 576 905
1307 529 1469 576 media
1499 529 1635 591 ipsa:
1707 530 1803 577 291
1838 547 1992 579 auras
2018 532 2264 588 aetherias,

259 609 355 659 287
381 609 440 657 in
461 626 672 657 vacuum
703 608 970 656 Lucretian
1002 606 1334 669 expressions:
1406 606 1502 654 281
1538 625 1596 655 ac
1619 608 1713 655 late
1721 607 1939 670 fluctuat
1963 609 2119 656 omnis
2141 608 2265 656 Aere

257 686 501 735 renidenti
531 686 671 734 tellus
701 685 826 732 with
850 699 892 731 11
919 684 1016 730 325
1049 691 1239 745 totaque
1270 683 1453 731 circum
1483 683 1608 732 Aere
1638 686 1895 733 renidescit
1927 685 2094 734 tellus:
2165 685 2264 733 250

258 764 328 812 ad
347 763 524 826 cliqitos
555 762 762 811 lentescit
793 761 1006 809 habendo
1037 760 1162 807 with
1186 773 1207 806 Ι
1240 761 1336 807 312
1370 759 1571 809 Anulus
1598 762 1655 810 in
1678 763 1830 824 diyito
1852 763 2012 811 subter
2035 770 2267 810 tenuatur

255 843 497 890 habendo:
535 841 633 888 246
666 838 734 886 At
765 855 914 900 sapor
946 838 1190 885 indicium
1209 837 1369 899 faciet
1399 838 1688 899 manifestus
1719 848 1762 888 et
1789 856 1878 888 ora
1910 840 2099 888 Tristia
2121 847 2266 902 temp-

258 927 454 967 tantum
484 934 627 965 sensu
660 915 894 977 torquebit
925 931 1097 962 amaro
1129 915 1253 962 with
1277 929 1319 962 11
1344 915 1438 962 401
1461 915 1611 976 foedo
1626 925 1940 980 pertorquent
1974 934 2062 966 ora
2083 933 2262 980 sapore,

257 1012 314 1046 IV
339 996 436 1044 634
470 996 602 1044 triste
634 1001 676 1042 et
708 1000 1008 1041 amarumst:
1046 991 1141 1041 217
1171 992 1306 1050 Quae
1331 1001 1519 1041 tenuem
1542 995 1735 1042 exhalat
1764 995 1990 1043 nebulam
2006 996 2267 1058 fumosque

255 1074 465 1123 volucris
496 1072 621 1119 with
652 1086 687 1119 v
719 1070 817 1117 253
849 1069 1077 1117 Pulveris
1108 1069 1300 1117 exhalat
1329 1070 1559 1118 nebulam
1588 1072 1830 1134 nubesque
1858 1073 2093 1120 volantis:
2164 1073 2262 1119 209

255 1151 586 1213 Antiquasque
610 1149 775 1196 domos
798 1147 969 1194 avium
991 1147 1115 1194 with
1140 1162 1159 1193 1
1188 1148 1249 1195 18
1277 1148 1692 1212 Frondifhrasque
1715 1150 1878 1198 domos
1900 1151 2093 1198 avium:
2167 1150 2263 1197 165

256 1229 449 1291 arqenti
479 1228 609 1276 rivos
640 1226 861 1288 aerisque
891 1225 1091 1273 metalla
1127 1224 1343 1274 Ostendit
1374 1226 1509 1274 venis
1533 1235 1675 1289 atque
1699 1245 1826 1276 auro
1842 1228 2068 1290 plurima
2074 1226 2265 1289 fluxit3

255 1307 394 1355 Haec
413 1323 566 1369 qenus
589 1322 697 1353 acre
719 1305 884 1351 virum
906 1304 1028 1350 with
1052 1318 1086 1351 v
1115 1304 1243 1351 1255
1277 1304 1523 1352 Manabat
1553 1306 1687 1353 venis
1704 1304 2266 1367 fhrventibus...ar9enti

255 1384 395 1432 rivus
417 1392 459 1432 et
482 1383 612 1444 auri,
647 1382 786 1431 Aeris
809 1382 924 1430 item
947 1389 990 1429 et
1014 1381 1221 1444 plumbi,
1260 1383 1355 1429 862
1379 1399 1533 1444 yenus
1565 1400 1672 1431 acre
1702 1384 1921 1432 leonum:
1995 1383 2088 1431 149
2122 1391 2265 1445 atque

256 1463 431 1511 alienis
467 1462 711 1510 mensibus
747 1468 905 1508 aestas
943 1460 1070 1507 with
1105 1474 1125 1507 1
1165 1461 1255 1508 181
1298 1468 1441 1523 atque
1481 1461 1658 1510 alienis
1683 1462 1911 1524 partibus
1943 1461 2094 1509 anni}
2167 1461 2259 1509 151

255 1558 398 1590 saeva
432 1541 623 1589 leonum
653 1539 854 1588 Semina
877 1539 1003 1585 with
1026 1553 1088 1585 111
1124 1537 1216 1587 741
1246 1539 1380 1586 triste
1405 1539 1597 1587 leonum
1627 1538 1928 1587 Seminium:
2003 1539 2098 1587 140
2130 1538 2266 1587 tauri

254 1619 495 1681 spirantes
527 1617 734 1665 naribus
765 1616 926 1679 iqnem
958 1616 1082 1663 with
1105 1630 1139 1664 v
1166 1616 1228 1663 30
1260 1616 1372 1678 equi
1401 1616 1643 1678 spirantes
1673 1617 1880 1664 naribus
1910 1615 2089 1678 iynem·
2167 1615 2264 1662 144

254 1697 516 1760 Implevere
528 1714 542 1758 3
579 1703 735 1744 tenent
758 1695 885 1743 oleae
908 1702 1224 1757 armentaque
1256 1694 1383 1742 laeta
1406 1695 1530 1742 with
1553 1695 1638 1743 the
1666 1695 1869 1758 rhythm
1893 1696 1949 1742 of
1965 1709 1999 1743 V
2023 1695 2121 1742 202
2145 1693 2264 1742 Pos-

254 1775 422 1835 sedere,
452 1781 609 1823 tenent
633 1789 779 1834 rupes
801 1779 1055 1833 vastaeque
1070 1771 1296 1834 paludes,
1332 1772 1429 1819 and
1453 1772 1576 1819 then
1602 1772 1695 1819 411
1723 1780 1916 1834 seyetem
1939 1771 2097 1819 densis
2119 1771 2264 1819 obdu—

255 1861 373 1902 cunt
402 1852 611 1901 sentibus
633 1851 813 1911 herbae,
854 1850 948 1900 237
975 1850 1158 1898 validis
1182 1857 1364 1897 terram
1384 1850 1639 1912 proscinde
1666 1850 1893 1909 iuvencis,
1931 1850 2029 1897 263
2053 1849 2112 1897 id
2134 1848 2264 1896 venti

255 1939 432 1980 curant
453 1931 732 1994 yelidaeque
747 1929 981 1991 pruinae,
1003 1929 1100 1976 293
1125 1945 1227 1976 non
1244 1928 1416 1975 hiemes
1437 1928 1591 1988 illam,
1618 1945 1719 1976 non
1726 1927 1898 1989 flabra
1919 1944 2068 1991 neque
2090 1927 2265 1975 imbres

257 2009 559 2067 Concedunt,
599 2008 661 2057 47
698 2006 877 2069 Sponte
910 2023 1004 2054 sua
1037 2022 1159 2068 quae
1192 2022 1240 2054 se
1276 2006 1452 2054 tollunt
1491 2006 1548 2053 in
1581 2005 1787 2052 luminis
1817 2021 1943 2065 oras,
1975 2006 2076 2052 also
2106 2019 2127 2052 1
2166 2003 2259 2054 197

254 2089 407 2136 ‘multo
442 2093 654 2149 spectata
687 2085 847 2133 labore
880 2084 1186 2146 Deqenerare
1220 2091 1395 2143 tamen,
1431 2084 1489 2132 ni
1522 2084 1596 2131 vis
1627 2083 1849 2131 humana
1882 2083 2160 2146 quotannis,
2197 2082 2260 2130 45

256 2165 486 2228 Depresso
519 2163 725 2226 incipiat
762 2162 867 2210 iam
902 2169 1008 2209 tum
1040 2161 1165 2209 mihi
1199 2169 1376 2209 taurus
1410 2169 1580 2209 aratro
1613 2161 1739 2208 with
1774 2177 1997 2224 passages
2031 2160 2086 2207 of
2115 2160 2264 2207 Lucr.

253 2243 592 2304 immediately
623 2241 876 2302 following
906 2240 994 2287 the
1025 2255 1118 2286 one
1140 2239 1238 2287 last
1269 2239 1467 2303 quoted,
1494 2253 1530 2287 v
1553 2239 1651 2287 206
1675 2239 1733 2286 id
1752 2246 1938 2286 natura
1962 2254 2058 2286 sua
2078 2238 2129 2286 vi
2150 2237 2264 2286 Sen-

252 2321 381 2370 tibus
405 2320 622 2379 obducat‚
647 2318 704 2365 ni
726 2318 800 2365 vis
823 2317 1046 2365 humana
1068 2317 1260 2365 resistat
1296 2317 1424 2365 Vitai
1458 2333 1610 2364 causa
1631 2316 1794 2364 valido
1826 2323 2051 2364 consueta
2083 2315 2264 2364 bidenti

253 2398 290 2446 I
286 2414 502 2461 nqemere
534 2404 577 2445 et
609 2405 788 2444 terram
803 2395 987 2458 pressis
1007 2394 1319 2457 proscindere
1349 2394 1544 2453 aratris,
1582 2395 1679 2442 212
1703 2393 1880 2457 Sponte
1909 2410 2004 2442 sua
2025 2401 2264 2456 nequeant

252 2477 473 2540 liquidas
509 2475 702 2523 existere
737 2474 795 2522 in
829 2490 995 2533 auras,
1031 2473 1100 2520 Et
1136 2481 1298 2521 tamen
1331 2473 1580 2521 interdum
1615 2490 1794 2536 maqno
1831 2472 2054 2535 quaesita
2088 2472 2262 2532 labore,

255 2556 352 2603 216
379 2555 478 2602 Aut
508 2553 659 2601 subiti
681 2559 938 2614 peremunt
969 2551 1140 2600 imbris
1169 2551 1447 2614 yelidaeque
1468 2551 1688 2615 pruinae
1709 2551 1987 2613 Flabraque
2013 2558 2265 2599 ventorum

252 2633 458 2681 violento
494 2631 687 2679 turbine
721 2637 910 2678 vexant.
982 2629 1019 2677 J
1022 2635 1103 2677 ust
1134 2630 1262 2677 after
1291 2629 1455 2678 where
1487 2647 1561 2678 we
1591 2631 1763 2694 began,
1802 2630 1899 2679 376
1933 2628 2146 2691 Fri90ra
2178 2646 2264 2677 nec

252 2717 450 2758 tantum
473 2725 598 2757 cana
622 2715 840 2756 concreta
854 2706 1049 2770 pruina
1072 2707 1197 2754 with
1221 2721 1283 2754 111
1309 2708 1373 2755 20
1397 2724 1548 2770 neque
1570 2708 1660 2756 nix
1681 2707 1788 2755 acri
1810 2714 2027 2755 concreta
2040 2707 2260 2769 pruina:

255 2792 352 2839 402
378 2791 536 2853 Atque
557 2789 615 2837 in
644 2805 691 2837 se
721 2805 816 2836 sua
831 2804 924 2850 per
955 2787 1157 2849 vestiyia
1185 2788 1396 2835 volvitur
1426 2805 1590 2836 annus
1617 2788 1740 2835 with
1771 2802 1827 2836 IV
1850 2787 1948 2838 472
1985 2786 2082 2844 Qui
2109 2787 2262 2850 capite

253 2869 356 2932 ipse
382 2885 477 2916 sua
500 2869 556 2914 in
579 2866 750 2914 statuit
780 2865 984 2927 vestiyia
1013 2882 1131 2912 sese:
1203 2865 1301 2913 428
1339 2865 1395 2914 Vi
1417 2866 1628 2929 propria
1653 2866 1887 2917 nituntur
1909 2865 2102 2927 opisque
2124 2865 2265 2913 haud

252 2950 429 3012 indiqa
463 2956 655 2996 nostrae
677 2947 803 2994 with
835 2961 876 2993 11
914 2947 1010 2994 650
1042 2944 1165 3008 Ipsa
1199 2946 1303 2994 suis
1329 2946 1519 3008 pollens
1549 2945 1730 3007 opibus,
1768 2944 1846 2992 nil
1874 2944 2050 3005 indiya
2077 2944 2260 2992 nostri:

255 3026 350 3075 461
378 3026 476 3073 foll.
504 3025 561 3073 Si
577 3041 680 3071 non
703 3028 793 3072 cet.
816 3024 942 3070 with
966 3037 1007 3069 11
1026 3023 1090 3069 24
1115 3023 1174 3070 Si
1195 3039 1297 3070 non
1320 3027 1411 3070 cet.
1432 3040 1442 3070 x
1502 3022 1598 3070 475
1624 3022 1708 3070 Me
1731 3038 1838 3069 vero
1854 3021 2078 3083 primum
2101 3021 2263 3069 dulces

252 3113 366 3154 ante
397 3103 565 3152 omnia
595 3118 760 3149 musae
796 3100 1020 3159 Quarum
1049 3117 1191 3148 sacra
1200 3100 1316 3162 sero
1339 3101 1527 3162 inqenti
1549 3116 1810 3163 percussus
1836 3115 2010 3159 amore,
2048 3097 2145 3148 478
2169 3099 2261 3148 De-

238 3184 405 3247 fectus
437 3181 554 3230 solis
598 3180 762 3227 varios
796 3179 1034 3240 lunaeque
1062 3177 1257 3237 labores,
1303 3178 1440 3226 Unde
1486 3186 1662 3226 tremor
1694 3177 1849 3236 terris,
1887 3177 1985 3224 482
2031 3175 2258 3237 Hiberni,

252 3262 327 3311 vel
360 3277 482 3324 quae
506 3258 663 3307 tardis
695 3274 834 3304 mora
864 3256 1081 3304 noctibus
1114 3256 1253 3303 obstet
1283 3256 1408 3303 with
1432 3271 1452 3303 1
1486 3256 1582 3303 923
1615 3255 1860 3303 Percussit
1895 3254 2056 3317 thyrso
2094 3255 2262 3304 laudis

253 3356 357 3404 spes
395 3354 581 3400 maqna
613 3352 774 3383 meum
808 3351 888 3381 cor
919 3333 984 3382 E't
1017 3333 1167 3382 simul
1195 3334 1400 3382 incussit
1434 3350 1630 3382 suavem
1663 3333 1735 3381 mi
1767 3333 1825 3381 in
1849 3340 2018 3395 pectus
2050 3349 2262 3381 amorem

254 3418 538 3476 Musarum,
567 3428 603 3463 V
637 3413 730 3463 751
767 3411 895 3460 Solis
927 3412 1042 3459 item
1076 3428 1264 3474 quoque
1299 3412 1508 3474 dejectus
1542 3412 1781 3474 lunaeque
1816 3410 2034 3470 latebras,
2068 3423 2126 3459 v1
2161 3409 2258 3460 287

252 3495 382 3546 Inde
400 3502 578 3542 tre-mor
600 3499 766 3550 terras,
793 3505 828 3538 V
854 3490 947 3537 699
974 3497 1129 3537 noctes
1150 3489 1346 3537 hiberno
1372 3497 1577 3552 tempore
1603 3489 1773 3550 lonqae
1797 3486 1991 3536 Cessant
2011 3503 2022 3535 :
2092 3486 2262 3534 490—

254 3573 352 3622 492
378 3571 521 3619 Felix
543 3569 630 3633 qui
644 3567 810 3631 potuit
831 3583 997 3615 rerum
1019 3583 1292 3629 coqnoscere
1315 3583 1488 3614 causas
1509 3571 1599 3614 cet.
1626 3566 1751 3613 have
1780 3565 1906 3613 been
1928 3563 2185 3627 compared
2207 3569 2260 3611 at

252 3665 274 3700 1
299 3650 364 3701 78
388 3649 513 3698 with
536 3648 732 3697 various
754 3662 848 3694 vss.
874 3646 932 3694 of
956 3645 1099 3694 Lucr.
1125 3663 1136 3695 ε
1208 3646 1307 3694 500
1341 3644 1472 3705 Quos
1501 3644 1633 3693 rami
1647 3643 1865 3707 friwtus,
1899 3659 2019 3706 quos
2047 3640 2160 3705 ipsa
2181 3657 2260 3690 vo-
