2384 3996
271 229 376 296 264
1122 247 1312 289 >No'rns
1347 247 1395 286 11

271 353 489 411 θανόντος
509 361 622 426 ’γαῖα
642 360 854 427 μιχθήτω
876 364 1002 426 πυρί·
1060 361 1207 411 Οὐδὲν
1229 363 1363 425 μέλει
1393 382 1489 426 μοι,
1511 359 1638 426 τοῖμαῖ
1667 361 1758 428 γοῖρ
1793 362 1944 414 καλῶς
1967 361 2075 427 ἔχει.
2144 361 2264 409 Sex-

267 438 354 481 tus
387 437 551 498 pyrrh.
582 438 695 501 hyp.
724 454 787 486 111
820 440 916 487 229
942 441 984 487 18
1007 457 1071 487 611
1095 441 1340 487 excellent
1362 444 1605 487 comment
1629 456 1694 486 011
1723 440 1809 487 the
1840 441 1992 487 above
2014 457 2106 487 ves,
2134 437 2210 486 καὶ
2241 436 2268 486 ὁ

261 508 539 577 Ἐπίκουρος
562 514 612 563 δέ
634 521 783 578 φησιν
804 515 844 565 ‘o‘
867 516 1061 567 θάνατος
1085 515 1214 565 οὐδὲν
1236 515 1352 578 πρὸς
1373 515 1512 578 ἡμᾶς·
1545 514 1600 564 τό
1624 514 1716 581 γὰρ
1739 514 1955 565 διαλυθὲν
1977 515 2260 578 ἀναισθητεῖ,

265 588 323 638 τό
348 591 396 637 δὲ
419 590 729 655 ἀναισθητοῦν
762 592 892 643 οὐδὲν
914 592 1032 657 πρὸς
1052 592 1202 655 ἡμᾶς’·
1239 592 1361 654 φασὶ
1389 592 1438 640 δὲ
1472 591 1549 640 καὶ
1586 590 1645 643 ὦς
1676 591 1802 656 εἴπερ
1839 593 2186 657 συνεστήκαμεν
2216 596 2266 640 ἐκ

249 669 421 730 -.ψυχῆς
444 668 520 716 καὶ
544 669 774 733 σώματος,
800 692 825 718 ο
849 670 897 718 δὲ
922 669 1116 721 θάνατος
1146 668 1360 720 ὃιάλυσίς
1391 672 1494 717 ε’στι
1527 671 1680 734 ψυχῆς
1710 669 1787 717 καὶ
1821 668 2048 733 σώματος,
2074 669 2151 718 ὅτε
2180 670 2266 732 μὲν

262 742 399 806 ημεῖς
422 746 576 808 ε’σμέν,
604 768 685 795 ουκ
710 747 836 795 ἔστιν
859 746 884 795 ὁ
909 745 1116 806 θάνατος,
1143 766 1194 793 ου
1218 744 1308 811 γὰρ
1337 743 1684 808 ὃιαλυόμεθα,
1658 766 1735 794 οτε
1762 745 1866 794 δὲ
1840 767 1865 794 o
1897 745 2144 798 θάνατος’
2121 767 2261 807 εστιν,

269 842 351 868 om<
375 824 517 884 ἐσμὲν
538 822 687 886 ἡμεῖς·
721 826 784 887 Τῷ
805 845 897 889 ’γαρ
920 822 1084 886 μηκέτι
1106 821 1192 885 Τὴν
1214 843 1451 872 συστασιν
1475 821 1589 871 Εἶναι
1610 824 1694 885 Τῆς
1716 826 1870 887 ψυχῆς
1904 823 1980 871 Καὶ
2001 825 2083 872 Τοῦ
2106 821 2265 886 σώμα-

267 919 347 949 τος
383 898 486 947 οὐδὲ
520 899 653 962 ημεῖς
690 900 842 962 ἐσμέν.
917 900 1014 948 Cio.
1042 900 1180 947 Tusc.
1208 901 1326 963 disp.
1355 914 1376 947 1
1418 901 1480 948 90
1518 917 1603 948 nec
1632 900 1799 962 pluris
1833 918 1968 948 nunc
1989 900 2157 962 facere
2190 900 2262 948 M.

269 975 535 1024 Camillum
558 978 643 1025 Iioc
665 978 801 1025 civile
826 977 1001 1025 bellum
1024 993 1174 1040 quam
1197 994 1277 1039 eqo
1301 977 1386 1025 illo
1409 977 1517 1025 vivo
1535 977 1740 1038 jecerim
1762 977 1969 1025 Romam
1992 985 2195 1040 captam.

372 1053 469 1100 843
507 1053 552 1101 si
584 1055 711 1105 iam:
750 1071 828 1102 see
859 1072 905 1102 11.
934 1060 987 1101 to
1021 1069 1041 1101 1
1076 1055 1198 1102 968:
1235 1055 1322 1101 the
1352 1054 1657 1117 assumption
1680 1055 1723 1100 is
1746 1055 1802 1100 of
1831 1071 1997 1102 course
2020 1055 2151 1101 false.
2222 1054 2268 1102 si

268 1130 371 1177 iam
407 1138 570 1178 nostro
605 1133 747 1179 sentit
786 1137 898 1179 eet.:
936 1132 1178 1194 similarly
1214 1131 1447 1179 involved
1483 1133 1538 1179 in
1571 1132 1904 1179 construction
1938 1148 2021 1179 are
2058 1146 2099 1178 11
2138 1132 2266 1180 1133

269 1214 451 1267 quanto
475 1215 540 1254 est
571 1225 647 1256 res
683 1209 907 1271 amplior,
935 1209 1164 1271 auqmine
1200 1209 1438 1270 adempto,
1465 1207 1532 1255 Et
1569 1224 1661 1270 quo
1697 1208 1846 1255 latior
1883 1215 1960 1268 est,
1985 1208 2042 1256 in
2071 1215 2270 1255 cunctas

267 1289 379 1342 cet.,·
415 1298 470 1331 v1
506 1284 601 1332 158
645 1285 819 1335 Ventus
849 1286 980 1334 enim
1016 1302 1125 1333 cum
1161 1285 1391 1346 confercit
1413 1284 1734 1346 sranquntur
1763 1285 1821 1332 in
1850 1293 2015 1332 artum
2053 1284 2271 1333 Concreti

269 1370 450 1409 montes
473 1367 562 1410 cet.
590 1364 688 1410 and
727 1362 821 1411 176
846 1363 979 1411 Fecit
1011 1371 1068 1410 ut
1102 1370 1214 1410 ante
1248 1380 1417 1411 cavam
1449 1363 1592 1411 docui
1622 1363 1892 1425 spissescere
1925 1363 2132 1423 nubem3
2168 1363 2269 1409 6180

270 1455 326 1488 IV
365 1441 491 1489 1119
532 1441 630 1489 Nec
669 1442 876 1504 reperire
914 1442 1105 1490 malum
1139 1442 1197 1490 id
1230 1449 1439 1504 possunt
1484 1458 1606 1504 quae
1652 1443 1882 1490 machina
1930 1443 2094 1490 vincat
2108 1461 2123 1504 3
2172 1443 2268 1490 193

259 1518 484 1580 primum
507 1519 639 1581 quod
655 1520 868 1582 parvola
891 1536 1042 1567 causa
1065 1519 1155 1566 Est
1178 1519 1357 1581 procul
1378 1535 1411 1566 a
1433 1526 1559 1581 terqo
1583 1535 1705 1580 quae
1734 1519 1967 1581 provehat
1989 1527 2131 1581 atque
2153 1536 2270 1581 pro-

260 1595 437 1657 pellat:
475 1612 626 1659 comp.
655 1601 739 1643 too
775 1596 907 1644 Ovid
929 1613 1010 1643 ars
1045 1611 1064 1642 1
1103 1597 1198 1644 399
1240 1596 1480 1658 Tempora
1514 1596 1600 1658 qui
1632 1596 1747 1643 solis
1785 1613 1982 1658 operosa
2015 1596 2270 1644 colentibus

266 1690 402 1732 arva,
427 1673 662 1733 Fallitur,
691 1681 734 1722 et
770 1674 941 1721 nautis
974 1673 1277 1735 respicienda
1308 1680 1462 1735 putat.
1534 1673 1676 1720 Lucr.
1712 1673 1872 1736 might
1907 1673 2032 1720 have
2066 1673 2269 1720 written

264 1750 381 1798 here
404 1751 471 1799 Et
501 1751 547 1799 si
577 1751 681 1798 iam
716 1751 871 1810 sentit,
894 1758 1056 1798 nostro
1089 1755 1196 1809 cet„
1222 1751 1315 1797 but
1349 1766 1424 1798 we
1451 1749 1545 1797 feel
1581 1750 1668 1797 the
1703 1755 1902 1813 present
1939 1751 2082 1797 order
2117 1755 2169 1798 to
2206 1751 2268 1798 be

266 1846 400 1876 more
423 1830 732 1892 impressive:
769 1846 890 1892 very
913 1830 1102 1876 similar
1124 1829 1166 1876 18
1190 1844 1224 1877 V
1252 1827 1344 1878 177
1371 1828 1539 1875 Natus
1562 1828 1690 1876 enim
1723 1828 1852 1876 debet
1883 1829 2170 1891 quicumque
2202 1836 2268 1877 est

265 1907 380 1955 ‘celle
414 1923 606 1955 manere
639 1906 708 1954 In
742 1907 857 1967 vita,
885 1907 1048 1954 where
1083 1907 1145 1954 he
1179 1907 1340 1970 might
1374 1906 1500 1953 have
1534 1907 1736 1953 written
1769 1905 1914 1954 Debet
1948 1907 2089 1965 enim,
2119 1913 2269 1954 natus

266 1986 553 2048 quicumque
578 1993 656 2044 est,
681 1985 799 2033 velle
823 1989 934 2045 cet.,·
971 1985 1115 2048 Virg.
1143 1985 1227 2032 eol.
1255 1999 1296 2032 11
1333 1986 1392 2032 12
1425 1984 1488 2032 At
1510 2001 1695 2032 mecum
1725 1984 1889 2032 raucis
1912 1992 2001 2032 tua
2031 1986 2153 2032 dum
2174 2001 2270 2032 ves-

266 2065 390 2126 tiqia
414 2065 567 2112 lustro
590 2064 700 2112 Sole
730 2064 816 2112 sub
848 2064 1044 2111 ardenti
1074 2071 1302 2111 resonant
1337 2062 1538 2110 arbusta
1569 2063 1763 2122 cicadis,
1788 2062 1966 2121 where,
1993 2079 2045 2109 68
2078 2063 2106 2109 Ι
2142 2063 2270 2110 have

264 2143 425 2189 learnt
448 2142 575 2188 from
599 2141 687 2189 Dr.
715 2141 773 2189 B.
802 2141 875 2187 H.
900 2140 1163 2202 Kennedy,
1189 2156 1376 2187 mecum
1411 2140 1613 2202 belongs
1646 2144 1699 2186 to
1730 2140 1815 2187 the
1839 2140 1999 2187 clause
2030 2147 2119 2187 tua
2149 2141 2269 2189 dum

265 2224 375 2267 cet:
413 2219 581 2282 Virgil
611 2223 694 2266 too
726 2218 887 2282 might
909 2217 1035 2265 have
1059 2218 1164 2264 said
1194 2216 1258 2264 At
1289 2217 1467 2277 raucis,
1493 2233 1679 2264 mecum
1710 2221 1814 2264 cet:
1849 2233 1929 2282 see
1951 2217 2052 2264 also
2075 2234 2121 2265 11.
2148 2222 2202 2264 to
2226 2231 2270 2265 11

265 2299 362 2346 250
386 2298 819 2346 Declinare—sese.
994 2296 1090 2344 845
1118 2303 1336 2358 comptu:
1373 2312 1451 2343 see
1473 2311 1521 2342 11.
1550 2299 1604 2343 to
1628 2309 1649 2342 1
1675 2296 1771 2343 950
1796 2303 1994 2358 compta.
2168 2295 2266 2344 84¹7

260 2377 362 2425 foll.
391 2377 491 2424 Nec
525 2376 570 2424 si
604 2375 855 2423 materiem
892 2379 982 2422 cet.
1010 2374 1200 2421 alludes
1235 2373 1475 2436 probably
1497 2376 1552 2419 to
1587 2388 1719 2420 some
1753 2372 1930 2434 theory
1954 2373 2056 2420 like
2079 2373 2181 2420 this
2212 2375 2268 2421 in

263 2456 334 2503 St.
363 2454 552 2501 Austin
575 2454 634 2501 de
660 2453 750 2501 civ.
779 2452 859 2499 dei
883 2466 997 2499 XXII
1022 2451 1087 2498 28
1120 2450 1403 2498 mirabilius
1426 2457 1588 2496 autem
1619 2448 1856 2510 quiddam
1885 2448 2089 2496 Marcus
2120 2449 2272 2498 Varro

254 2533 398 2596 ponit
434 2533 492 2580 in
530 2531 668 2579 libris
708 2546 827 2592 quos
867 2528 1150 2590 conscripsit
1191 2528 1248 2575 de
1279 2534 1416 2589 qente
1445 2525 1620 2588 populi
1656 2526 1887 2586 Romani,
1923 2526 2064 2574 cuius
2092 2527 2271 2589 putavi

261 2610 405 2657 verba
439 2609 550 2672 ipsa
581 2606 838 2670 ponenda:
893 2610 906 2633 ‘
917 2604 1204 2667 qenetltliaci
1245 2603 1449 2666 quidam
1485 2602 1807 2664 scripserunt’
1850 2602 2012 2664 inquit
2053 2606 2173 2650 ‘esse
2213 2603 2270 2651 in

259 2687 569 2735 renascendis
592 2684 870 2733 hominibus
893 2700 1044 2746 quam
1067 2681 1318 2745 appellant
1342 2678 1706 2746 παλιγγενεσίαν
1731 2679 1926 2728 Graeci:
1961 2679 2052 2726 liae
2073 2680 2268 2742 scripse-

262 2773 383 2813 runt
407 2764 575 2828 confici
597 2764 654 2811 in
676 2762 824 2811 annis
847 2777 1046 2809 numero
1079 2759 1450 2822 quadrinqentis
1482 2757 1828 2820 quadraqinta,
1854 2765 1910 2805 ut
1939 2757 2068 2805 idem
2098 2774 2272 2820 corpus

261 2851 304 2891 et
342 2843 507 2890 eadem
548 2841 734 2900 anima,
768 2856 891 2902 quae
918 2838 1122 2901 fuerint
1161 2837 1422 2885 coniuncta
1462 2835 1519 2883 in
1552 2835 1744 2883 homine
1784 2834 2068 2896 aliquando,
2105 2835 2267 2883 eadem

262 2937 438 2968 rursus
460 2919 658 2968 redeant
682 2918 739 2965 in
773 2913 1184 2965 coniunctionem.’
1322 2914 1418 2961 851
1452 2911 1727 2974 repetentia,
1754 2912 1962 2959 another
1985 2913 2120 2959 word
2142 2929 2270 2959 com-

263 3015 380 3045 mon
405 2998 521 3060 only
543 3001 596 3043 to
619 2996 725 3042 him
752 2996 851 3041 and
873 2994 952 3040 1118
975 2995 1204 3040 constant
1226 2991 1449 3038 imitator
1470 2989 1726 3036 Arnobius
1747 2989 1859 3036 who
1890 2989 2033 3036 twice
2066 3006 2176 3036 uses
2206 2991 2262 3050 it,

264 3091 307 3122 11
345 3076 408 3123 26
451 3075 649 3122 oblitam
694 3069 948 3139 [animam]
986 3070 1117 3133 quod
1143 3069 1300 3131 paulo
1342 3075 1462 3114 ante*
1492 3067 1663 3114 sciebat
1704 3083 1761 3114 ecc
1800 3067 2022 3128 oppositu
2056 3068 2268 3130 corporis

267 3154 484 3201 amittere
506 3151 818 3214 repetentiam
840 3148 1084 3212 priorum,
1108 3147 1207 3193 and
1230 3145 1294 3192 28
1319 3144 1450 3207 quod
1470 3143 1599 3191 enim
1621 3142 1760 3190 rebus
1782 3142 2010 3205 inqressis
2037 3145 2269 3206 priorum

266 3229 575 3292 repetentiam
606 3226 826 3284 detrahit,
853 3233 895 3273 et
916 3224 1051 3271 intra
1074 3239 1120 3270 se
1140 3230 1273 3283 qesta
1303 3219 1646 3268 inrecordabili
1676 3219 1803 3267 debet
1834 3219 2161 3268 obliteratione
2192 3221 2270 3268 de-

256 3308 483 3372 perdere:
530 3306 574 3353 it
610 3306 653 3352 18
690 3304 812 3351 then
848 3303 1026 3349 almost
1063 3300 1250 3348 certain
1286 3299 1398 3346 that
1434 3297 1690 3344 Arnobius
1730 3297 1885 3345 found
1919 3298 2176 3360 repetentia
2214 3299 2269 3346 in

267 3386 410 3431 Lucr.
438 3383 534 3430 and
559 3382 622 3430 he
646 3397 799 3428 seems
821 3385 874 3427 to
896 3380 957 3426 be
980 3377 1218 3439 referring
1239 3376 1361 3423 both
1385 3380 1436 3422 to
1459 3375 1561 3422 this
1582 3391 1628 3422 v.
1655 3374 1754 3421 and
1780 3373 1874 3424 675
1894 3392 1904 3422 :
1941 3375 2267 3423 Lachmann’s

265 3462 531 3526 objections
555 3477 636 3507 are
660 3458 991 3506 wire-drawn:
1028 3455 1290 3518 repetentia
1311 3453 1479 3513 nostri,
1497 3453 1583 3500 the
1606 3453 1918 3500 recollection
1935 3453 1991 3499 of
2007 3454 2264 3522 ourselves,

266 3539 518 3602 naturally
543 3536 738 3599 enough
760 3535 999 3582 indicates
1029 3533 1142 3580 that
1164 3532 1431 3580 continued
1463 3530 1823 3579 consciousness
1846 3530 1902 3577 of
1929 3546 2020 3576 our
2040 3530 2266 3592 personal

264 3616 480 3679 identity
506 3614 667 3663 which
691 3614 733 3661 18
756 3611 944 3660 broken
967 3610 1084 3674 only
1107 3610 1175 3673 by
1198 3609 1374 3658 death:
1411 3624 1464 3657 80
1486 3609 1602 3673 long
1623 3623 1676 3656 as
1699 3624 1774 3656 we
1795 3606 1909 3668 live,
1933 3606 2132 3656 memmi
2157 3606 2264 3670 qui-
