2392 4030
1064 250 1219 290 ΒοοΚ
1256 251 1295 289 v
2085 248 2188 302 337

181 369 466 418 concreverit
490 368 632 429 orbis,
659 368 823 416 where
845 366 1024 415 mundi
1037 390 1075 406 =
1089 365 1316 413 aetheris.
1456 364 1555 413 467
1561 363 1725 413 -470
1762 381 1845 412 are
1868 364 1986 412 thus
2011 364 2194 427 clearly

174 447 433 509 expressed
463 446 518 494 in
547 447 633 494 the
661 447 923 509 epicurean
954 460 1153 508 passage
1176 444 1230 490 in
1263 443 1397 490 Plut.
1430 442 1461 490 l.
1483 443 1513 489 1.
1547 439 1606 492 ὦς
1640 439 1678 488 δ’
1713 439 1794 490 οὖν
1830 441 2015 498 ἐξέλιπε
2046 442 2133 503 μὲν
2160 439 2192 503 ἦ

173 521 407 585 πληκτικὴ
437 521 628 586 δύναμις
655 522 1010 586 μετεωρίζουσα,
1042 519 1194 569 οὐκέτι
1226 519 1276 569 δὲ
1306 518 1422 587 ἦγεν
1451 517 1484 582 ἦ
1514 518 1679 585 πληγή
1710 517 1829 583 πρὸς
1858 517 1912 567 τὸ
1939 518 2184 582 μετέωρον,

174 598 403 648 ἐκωλύετο
427 599 477 649 δὲ
498 603 646 649 ταῦτα
670 598 792 648 κοίτω
816 599 1060 663 φέρεσθαι,
1088 598 1291 657 ἐπιέζετο
1318 595 1438 662 πρός
1459 595 1568 648 τοῦς
1588 595 1759 647 τόπους
1781 595 1890 647 τούς
1914 595 2192 660 δυναμένους

173 675 414 734 δέξασθαι·
450 675 578 727 οὗτοι
606 678 656 727 δὲ
682 676 808 740 ἦσαν
831 679 875 726 οἱ
903 676 1051 740 πέριξ,
1077 676 1155 724 καὶ
1181 674 1299 740 πρὸς
1327 673 1509 727 τούτοις
1535 673 1591 724 τὸ
1622 674 1810 736 πλῆθος
1839 676 1932 723 τῶν
1963 672 2194 737 σωμάτων

171 757 465 818 περιεκλᾶτο,
502 754 880 820 περιπλεκόμενα
917 755 966 804 δὲ
1000 753 1233 818 ἀλλήλοις
1273 753 1390 803 κατοὶ
1422 753 1510 816 τήν
1548 753 1831 817 περίκλασιν
1869 751 1954 802 τόν
1994 751 2193 817 οὖρανὸν

173 833 439 900 ἐγέννησαν.
580 836 680 884 468
716 835 1046 883 circumdatus
1067 852 1077 883 ε
1115 852 1268 899 comp.
1297 850 1318 882 1
1343 834 1405 884 87
1431 834 1736 882 circumdata
1758 840 1975 896 comptus
1998 833 2099 880 and
2125 833 2188 881 39

173 911 505 976 Circumfusa.
641 913 740 962 470
766 914 910 960 avido
933 912 1181 976 compleaeu
1204 917 1297 960 cet.
1319 930 1329 960 ε
1366 927 1407 959 11
1436 912 1564 959 1066
1602 911 1747 958 avido
1772 911 2024 974 complexu
2047 927 2190 973 quem

172 998 295 1039 tenet
329 992 519 1052 aether3
555 992 758 1056 Emped.
793 993 888 1041 185
925 991 1064 1055 αἰθήρ
1098 991 1319 1058 σφίγγων
1352 990 1460 1054 περὶ
1495 988 1667 1038 κύκλον
1702 987 1918 1039 dimna:
1954 1006 2056 1053 par.
2089 989 2189 1036 lost

173 1084 235 1118 111
261 1070 354 1120 721
384 1070 482 1118 The
505 1079 598 1118 rest
631 1068 707 1137 [of
731 1071 818 1118 the
850 1070 1067 1118 etherea]
1095 1067 1458 1136 quintessence]
1488 1070 1546 1117 iu
1577 1069 1752 1116 circuit
1782 1068 1925 1115 walls
1949 1068 2043 1115 this
2075 1067 2190 1114 uni-

174 1165 314 1208 verse,
341 1148 540 1196 whence
568 1165 663 1196 one
686 1149 847 1211 might
871 1153 1065 1211 suspect
1092 1149 1205 1196 that
1229 1148 1417 1195 Milton
1452 1152 1506 1195 at
1535 1146 1621 1194 the
1649 1151 1870 1193 moment
1894 1145 2014 1192 took
2038 1153 2191 1193 cetera

173 1226 250 1272 for
282 1242 312 1272 a
348 1227 567 1274 nomin.:
603 1226 702 1273 and
735 1226 861 1273 with
896 1226 996 1273 this
1030 1227 1128 1274 and
1166 1227 1265 1274 500
1306 1225 1408 1272 foll.
1452 1242 1606 1288 comp.
1644 1239 1720 1272 V11
1762 1225 1860 1271 264
1897 1240 2104 1286 expause
2139 1222 2205 1285 of

173 1303 338 1366 liquid
348 1321 475 1366 pure
509 1305 846 1367 Transpareut
869 1305 1117 1353 elemental
1147 1305 1228 1352 air
1258 1304 1446 1366 diffusd
1471 1303 1507 1350 I
1504 1321 1540 1351 u
1570 1303 1743 1351 circuit
1777 1311 1822 1350 to
1848 1302 1920 1350 ilie
1943 1309 2193 1350 utter‘mosb

171 1400 347 1431 convex
384 1383 461 1445 Of
483 1383 577 1431 this
612 1391 750 1445 yreat
782 1384 949 1430 round
957 1400 971 1442 3
1021 1384 1252 1447 Shakesp.
1293 1388 1470 1431 sonnet
1506 1383 1567 1430 21
1610 1382 1737 1429 ΤΙιαι
1761 1381 1979 1429 heaven's
2013 1381 2095 1428 air
2128 1381 2188 1428 iri

173 1460 268 1508 this
290 1461 412 1522 Iiuye
435 1461 648 1508 roudure
678 1460 838 1508 hems:
877 1461 1074 1508 Balbus'
1100 1462 1401 1524 description
1432 1461 1530 1508 Cic.
1558 1461 1618 1508 de
1645 1465 1750 1508 nat.
1784 1461 1918 1508 deor.
1950 1475 1993 1507 11
2022 1459 2113 1507 101
2143 1459 2200 1506 of

172 1538 258 1586 the
289 1539 459 1586 stoical
491 1540 667 1601 theory
691 1539 851 1602 might
885 1556 1024 1587 serve
1054 1540 1130 1586 for
1161 1557 1191 1587 a
1222 1546 1559 1601 commentary
1591 1555 1656 1585 on
1688 1538 1832 1586 Lucr.
1859 1556 1869 1586 t
1906 1537 2116 1585 ultimus
2149 1545 2193 1585 et

172 1633 206 1663 a
229 1616 492 1664 domiciliis
522 1617 703 1664 nostris
726 1617 994 1664 altissimus
1025 1618 1194 1665 omnia
1217 1618 1412 1678 cireyeris
1443 1624 1485 1664 et
1515 1633 1727 1663 coercens
1756 1615 1877 1663 caeli
1900 1615 2186 1678 complexus,

172 1694 261 1755 qui
282 1694 410 1741 idem
433 1695 591 1742 aether
612 1702 823 1754 vocatur,
853 1702 1062 1742 emtrema
1086 1711 1174 1742 ora
1197 1703 1240 1742 et
1264 1693 1599 1742 determinatio
1623 1693 1813 1740 muudi.

271 1770 368 1819 471
406 1772 560 1819 Hunc
593 1772 794 1820 exordia
823 1777 947 1820 cet.:
996 1773 1131 1819 Plut.
1169 1772 1253 1820 1.1.
1291 1773 1377 1834 τῆς
1412 1770 1462 1819 δὲ
1499 1769 1641 1832 αὐτῆς
1676 1769 1895 1835 ἐχόμεναι
1934 1768 2104 1832 φύσεις
2139 1770 2188 1818 αῖ

170 1849 338 1915 ἄτομοι
371 1852 583 1901 ποικίλαι
620 1851 770 1913 οὖσαι,
807 1853 958 1905 καθώς
996 1854 1186 1918 εἴρηται,
1233 1853 1352 1918 πρὸς
1386 1853 1441 1904 τό
1488 1854 1719 1917 μετέωρον
1763 1851 2072 1915 ἐξωθούμεναι
2105 1851 2194 1915 τήν

170 1932 263 1979 τῶν
295 1929 501 1994 ἀστέρων
530 1930 678 1994 φύσιν
711 1930 979 1982 ἀπετέλουν.
1141 1934 1239 1982 472
1277 1933 1626 1994 Interutraque
1655 1937 1744 1980 cet.
1770 1949 1780 1980 ε
1820 1932 1953 1979 Plut.
1990 1933 2019 1979 l.
2042 1932 2076 1979 l.
2112 1931 2195 1978 de-

171 2010 350 2057 scribes
385 2011 471 2058 the
510 2011 718 2058 relation
756 2012 980 2058 between
1021 2011 1162 2059 these
1196 2012 1363 2059 bodies
1404 2011 1503 2058 and
1541 2010 1627 2057 the
1665 2010 1740 2056 air
1775 2026 1911 2056 more
1950 2010 2190 2072 precisely

170 2087 295 2134 than
317 2088 464 2136 Lucr.
492 2087 547 2137 τό
572 2087 621 2136 δὲ
643 2089 827 2151 πλῆθος
850 2092 941 2138 τῶν
963 2087 1350 2152 ἀναθυμιωμένων
1375 2086 1605 2150 σωμάτων
1633 2087 1835 2149 ἔπληττε
1858 2087 1940 2135 τὸν
1963 2085 2079 2151 ἀέρα
2111 2088 2191 2135 καὶ

169 2167 333 2214 τοῦτον
362 2166 595 2229 ἐξέθλιβε·
627 2166 1029 2230 πνευματούμενος
1056 2166 1105 2215 δὲ
1132 2165 1265 2219 οὗτος
1290 2165 1407 2215 κατοῖ
1434 2165 1520 2228 τήν
1544 2166 1730 2228 κίνησιν
1765 2165 1842 2213 καὶ
1867 2169 2195 2229 συμπεριλαμ-

170 2242 330 2306 βάνων
355 2244 414 2294 ro)
445 2244 601 2309 ἄστρα
632 2248 926 2311 συμπεριῆγε
958 2249 1106 2294 ταῦτα
1141 2246 1218 2294 καὶ
1252 2244 1338 2307 τὴν
1372 2247 1454 2294 νῦν
1487 2242 1753 2308 περιφορὰν
1781 2242 1931 2292 αὐτῶν
1961 2245 2195 2308 μετέωρον

172 2321 421 2383 ἐφύλαττε.
580 2324 677 2372 476
713 2325 828 2372 viva
851 2326 893 2372 is
923 2325 1134 2387 poetical
1158 2325 1259 2372 like
1291 2325 1369 2371 his
1393 2332 1642 2371 aeternam
1673 2323 1910 2386 lampada
1934 2325 2116 2372 muudi
2139 2326 2194 2372 in

173 2400 299 2459 4033
336 2401 435 2448 514
466 2402 650 2448 aeterni
680 2402 844 2449 sidera
873 2402 1084 2462 mundi3
1122 2403 1222 2449 and
1252 2403 1351 2449 538
1384 2401 1562 2462 quibus
1593 2400 1747 2447 insita
1774 2400 1895 2447 vivit
1921 2400 1952 2447 i.
1972 2417 2010 2449 e.
2045 2406 2193 2463 terra,

172 2494 202 2525 a
225 2479 328 2525 still
355 2479 527 2526 bolder
550 2480 830 2542 expression
852 2498 861 2527 :
899 2494 919 2526 Ι
948 2480 1077 2527 1034
1109 2480 1280 2527 vivant
1305 2479 1514 2526 labentes
1542 2477 1745 2525 aetheris
1768 2478 1916 2539 iqnes.
2089 2478 2190 2527 480

171 2556 339 2604 —488
374 2573 457 2605 are
488 2558 660 2619 briefly
690 2558 951 2620 expressed
982 2559 1049 2620 by
1080 2558 1252 2621 Virgil
1285 2558 1369 2604 ecl.
1398 2571 1453 2604 VI
1485 2558 1548 2603 35
1586 2557 1714 2603 Tum
1746 2557 1927 2604 durare
1958 2556 2117 2604 solum
2150 2565 2192 2605 ec

172 2633 438 2681 discludere
472 2633 634 2695 Nerea
656 2643 808 2697 ponto
846 2635 1088 2698 Coeperit:
1126 2635 1258 2682 Plut.
1293 2635 1382 2682 1.1.
1418 2631 1615 2681 κᾶπειτα
1651 2637 1701 2681 ἐκ
1728 2631 1815 2696 μὲν
1849 2636 1941 2681 τῶν
1973 2632 2195 2682 ὑποκαθι-

172 2710 340 2769 ζόντων
370 2710 592 2778 ἐγεννήθη
627 2711 659 2774 ἦ
689 2715 765 2778 γῆ,
802 2716 852 2760 ἐκ
883 2712 932 2761 δὲ
962 2716 1055 2761 τῶν
1083 2711 1480 2776 μετεωριζομένων
1512 2710 1706 2776 οὖρανὸς
1736 2713 1829 2775 πῦρ
1863 2709 1965 2774 οἷήρ.
2004 2715 2195 2776 πολλῆς

173 2787 222 2836 δὲ
255 2787 370 2851 ὕλης
405 2789 471 2838 ἔτι
501 2790 890 2853 περιειλημμένης
924 2793 972 2839 ἐν
1005 2793 1064 2854 τῇ
1094 2793 1157 2857 γῇ
1186 2790 1503 2852 πυκνουμένης
1532 2810 1584 2838 τε
1618 2788 1789 2852 ταύτης
1826 2788 1944 2838 κατοὶ
1978 2788 2062 2841 τσῖς
2097 2790 2193 2842 οἷπό

174 2869 267 2915 τῶν
289 2865 561 2930 πνευμάτων
585 2867 773 2934 πλήγας
807 2868 884 2916 καὶ
913 2867 996 2919 τοῖς
1029 2867 1124 2917 σῖπό
1146 2871 1237 2917 τῶν
1260 2867 1470 2932 α’στέρων
1497 2866 1640 2931 αὔρας
1670 2866 1712 2935 [2
1739 2866 1905 2934 αὗγοῖς]
1937 2867 2194 2931 προσεθλί-

171 2945 290 3008 βετο
324 2948 417 2997 πᾶς
451 2944 477 2995 ὁ
510 2945 795 3010 μικρομερὴς
828 2945 1164 3011 σχηματισμὸς
1196 2945 1366 3009 ταύτης
1407 2945 1484 2994 καὶ
1517 2946 1604 3008 τήν
1645 2944 1794 3012 ὕγροῖν
1830 2947 1979 3008 φύσιν
2014 2946 2189 3014 ἐγέννα.

170 3025 421 3088 ῥευστικῶς
443 3023 493 3073 δὲ
517 3023 632 3087 αὕτη
661 3024 924 3088 διακειμένη
949 3025 1230 3089 κατεφέρετο
1258 3023 1377 3088 πρός
1406 3022 1513 3076 τοῦς
1543 3024 1730 3076 κοίλους
1759 3022 1932 3075 τόπους
1955 3025 2031 3073 καὶ
2063 3025 2193 3075 δυνα-

170 3101 337 3165 μένους
364 3103 582 3167 χωρῆσαί
608 3124 660 3153 τε
691 3103 769 3152 καὶ
800 3103 977 3161 στέξαι,
1001 3102 1033 3166 ἦ
1065 3102 1166 3153 καθ’
1199 3102 1312 3152 azir&
1346 3101 1401 3151 τό
1436 3101 1555 3166 ὕδωρ
1590 3101 1805 3151 ὕποστσῖν
1840 3101 2054 3153 ἐκοίλανε
2086 3103 2196 3156 τούς

170 3178 497 3244 ὑποκειμένους
525 3180 728 3233 τόπουςε
766 3183 796 3230 Ι
820 3182 946 3230 have
978 3184 1163 3246 quoted
1193 3183 1310 3230 thus
1342 3182 1530 3245 largely
1560 3183 1688 3229 from
1722 3182 1825 3229 this
1854 3199 2070 3247 passage,
2105 3184 2190 3230 be·
2262 3220 2265 3223 .

173 3273 316 3306 cause
355 3259 384 3305 I
420 3259 610 3306 believe
645 3260 689 3306 it
724 3265 778 3306 to
812 3261 874 3307 be
915 3260 1042 3307 from
1081 3261 1168 3308 the
1206 3277 1304 3323 pen
1341 3260 1398 3307 of
1438 3260 1694 3323 Epicurus.
1893 3260 1992 3308 482
2020 3261 2193 3322 fossas

172 3335 434 3399 poetically
455 3336 531 3383 for
553 3337 620 3383 all
643 3336 857 3384 hollows.
992 3337 1090 3385 485
1115 3338 1415 3386 verberibus:
1446 3339 1575 3386 1104
1610 3337 1892 3386 Verberibus
1913 3339 2187 3387 radiorum.

174 3421 385 3461 extrema
417 3414 486 3461 ad
521 3413 700 3461 limina
733 3414 776 3460 is
816 3414 873 3461 of
901 3431 1070 3462 course
1110 3416 1196 3464 the
1230 3416 1390 3464 whole
1436 3422 1580 3464 outer
1616 3417 1806 3464 surface
1845 3419 2103 3480 presented
2138 3423 2192 3465 to

173 3490 324 3538 them.
428 3490 526 3539 487
550 3490 712 3539 salsus
733 3491 915 3540 sudor:
953 3492 1087 3541 Plut.
1115 3494 1176 3541 de
1198 3493 1319 3557 plac.
1346 3495 1464 3557 phil.
1494 3509 1557 3541 111
1585 3495 1646 3542 16
1671 3492 1996 3556 Ἐμπεδοκλῆς
2021 3494 2191 3558 ἱδρῶτα

174 3569 260 3629 τῆς
290 3568 380 3633 γῆς
413 3565 710 3630 ἐκκαιομένης
748 3565 840 3616 ivr&
875 3569 958 3617 τοῦ
985 3567 1123 3631 ἦλίου
1158 3569 1232 3618 διὰ
1262 3569 1350 3632 τὴν
1391 3570 1668 3620 ἐπιπόλαιον
1703 3571 1905 3633 πίλησιν
1935 3570 2071 3638 [εἶναι
2104 3570 2193 3632 τὴν

175 3643 449 3712 θάλατταν],
469 3645 567 3694 and
590 3646 837 3694 Aristotle
865 3652 1063 3697 meteor.
1090 3662 1132 3696 11
1158 3648 1188 3696 3
1211 3664 1258 3713 p.
1287 3647 1383 3699 357
1411 3649 1475 3698 25
1502 3649 1728 3697 observes
1760 3648 1873 3697 that
1904 3651 1990 3696 the
2013 3649 2189 3711 phrase

1969 3743 2038 3794 22
